2132 3152
262 108 294 160 8
861 109 910 153 P.
942 109 1146 154 PAPINI
1177 110 1351 155 STATI

260 262 446 297 saevus
487 262 652 315 amor,
689 247 985 314 ruptaeque
1025 246 1165 300 vices
1204 248 1443 316 iurisque
1482 250 1698 302 secundi

258 319 492 372 ambitus
531 319 813 388 inpatienS,
853 323 907 372 et
946 338 1154 374 summo
1197 321 1404 374 dulcius
1443 341 1610 376 unum
1800 376 1803 378 ,

258 397 398 446 stare
437 393 571 462 loco,
612 393 876 462 sociisque
918 412 1093 447 comes
1134 395 1399 448 discordia
1437 398 1630 468 regnis.
1867 413 1951 453 130

258 468 334 519 sie
371 467 466 519 ubi
506 467 738 521 delectos
777 486 874 537 per
912 471 1066 522 torva
1105 473 1347 522 armenta
1386 470 1638 525 iuvencos

258 541 494 611 agricola
532 542 788 611 imposito
830 544 1032 595 sociare
1071 543 1304 596 adfectat
1343 549 1534 615 aratro,

258 616 340 667 illi
377 615 734 686 indignantes,
774 617 894 685 quis
934 618 1172 670 nondum
1213 636 1426 671 vomere
1466 621 1637 673 multo

259 689 422 742 ardua
459 690 692 743 nodosos
732 693 910 744 cervix
949 692 1221 745 descendit
1259 693 1316 744 in
1355 712 1546 763 armOS,

258 765 314 816 in
353 764 558 816 diversa
597 764 819 818 trahunt
857 769 1020 834 atque
1059 766 1243 835 aequis
1283 767 1497 820 vincula
1535 768 1719 822 laxant
1866 783 1948 824 135

259 838 464 891 viribus
506 842 558 891 et
597 839 744 892 vario
785 840 1121 893 confundunt
1159 841 1332 893 limite
1371 842 1569 895 sulcos:
1686 909 1688 912 y

256 911 400 965 haud
440 931 594 966 secus
633 913 924 967 indomitos
964 932 1217 984 praeceps
1257 915 1521 970 discordia
1559 918 1769 971 fratres

258 990 482 1055 asperat.
561 988 754 1040 alterni
793 989 994 1057 placuit
1034 989 1134 1042 sub
1173 990 1385 1061 legibus
1426 993 1551 1043 anni

257 1061 419 1114 exilio
459 1065 667 1114 mutare
708 1062 910 1116 ducem.
988 1064 1064 1117 sie
1103 1063 1216 1116 iure
1255 1066 1492 1135 maligno

256 1135 526 1188 fortunam
567 1136 794 1189 transire
833 1137 1033 1206 iubent,
1072 1141 1132 1190 ut
1171 1141 1380 1208 sceptra
1419 1143 1689 1192 tenentem
1865 1155 1949 1194 140

255 1209 468 1262 foedere
506 1210 788 1280 praecipiti
829 1229 1038 1281 semper
1074 1230 1245 1266 novus
1285 1218 1506 1285 angeret
1544 1214 1711 1268 heres

257 1283 387 1336 haec
427 1284 567 1337 inter
604 1286 797 1338 fratres
836 1288 1008 1355 pietas
1048 1290 1176 1357 erat,
1214 1287 1345 1341 haec
1384 1305 1536 1341 mora
1573 1307 1786 1360 pugnae

257 1358 373 1410 sola
410 1376 508 1412 nec
548 1359 602 1410 in
643 1378 823 1430 regem
863 1361 1214 1428 perduratura
1255 1363 1561 1415 secundum.

257 1436 310 1484 et
349 1433 587 1486 nondum
629 1452 805 1487 crasso
846 1434 1117 1504 laquearia
1155 1435 1302 1489 fulva
1341 1437 1577 1506 metallo,

254 1507 529 1559 montibus
569 1510 662 1559 aut
703 1509 807 1561 alte
850 1506 1000 1563 Grais
1041 1510 1226 1562 effulta
1265 1511 1509 1564 nitebant
1865 1526 1948 1566 145

255 1582 405 1650 atria,
446 1586 729 1652 congestos
770 1583 902 1636 satis
943 1584 1260 1653 explicitura
1300 1585 1532 1654 clientis;

253 1673 362 1708 non
402 1657 664 1724 inpacatis
702 1675 891 1728 regum
931 1657 1281 1729 advigilantia
1319 1659 1521 1712 somnis

255 1729 378 1798 pila,
417 1748 516 1783 nec
555 1731 760 1783 alterna
798 1731 926 1783 ferri
968 1733 1199 1786 statione
1237 1737 1509 1804 gementes

255 1803 508 1857 excubiae
548 1823 644 1857 nec
685 1823 810 1858 cura
848 1824 993 1859 mero
1035 1807 1369 1861 committere
1409 1826 1646 1879 gemmas

254 1881 414 1947 atque
454 1898 643 1931 aurum
684 1880 884 1932 violare
925 1881 1081 1933 cibis:
1122 1882 1214 1934 sed
1253 1882 1396 1934 nuda
1433 1886 1671 1951 potestas
1863 1897 1947 1936 150

254 1952 483 2005 armavit
521 1953 730 2024 fratres7
767 1973 950 2025 pugna
990 1958 1069 2008 est
1109 1955 1171 2008 de
1211 1974 1444 2026 paupere
1484 1975 1663 2027 regno.

257 2026 490 2095 dumque
529 2030 649 2080 uter
687 2032 947 2099 angustae
986 2029 1286 2098 squalentia
1324 2031 1508 2102 iugera
1547 2030 1734 2084 Dirces

254 2104 484 2153 verteret
523 2106 616 2154 aut
656 2102 806 2172 Tyrii
846 2103 980 2156 solio
1021 2122 1129 2156 non
1168 2104 1308 2157 altus
1348 2108 1532 2158 ovaret

377 2266 459 2305 152
492 2266 542 2306 Σ
564 2267 604 2317 2,
623 2267 707 2307 433
733 2263 922 2308 horrida
940 2263 1120 2309 Dirces:
1146 2279 1322 2309 memor
1345 2268 1486 2322 poeta
1511 2266 1813 2323 superiorum.
1838 2280 1948 2310 nam

255 2320 342 2364 ait:
377 2321 580 2377 dumque
615 2358 623 2365 .
652 2357 659 2365 .
689 2357 697 2366 .
730 2325 931 2367 verteret

376 2489 459 2528 129
492 2484 743 2541 impatiens
767 2490 800 2528 P
890 2500 1036 2529 unum
1059 2492 1167 2532 Pw:
1202 2501 1294 2531 uno
1319 2493 1376 2532 D:
1410 2488 1503 2533 imo
1533 2502 1581 2537 ςε
1614 2487 1696 2532 uni
1722 2489 1946 2532 Heinsius

376 2549 460 2587 130
491 2544 648 2602 regnis
681 2547 740 2601 (-s
766 2545 872 2589 add.
902 2544 1039 2602 D²v²)
1072 2550 1181 2590 Pw:
1215 2547 1348 2604 regni
1381 2561 1408 2596 ς
1439 2547 1641 2639 &alfger
1763 2552 1842 2591 131
1880 2547 1945 2591 sic

1599 2617 1618 2640 θ

255 2646 337 2689 ubi
368 2652 477 2691 Pw:
516 2647 654 2691 sicuti
688 2649 922 2693 Baehrens
953 2654 1112 2693 eontra
1145 2649 1266 2694 Stati
1295 2665 1424 2695 usum
1560 2650 1757 2695 dilectos
1789 2650 1856 2742 Ἢ
1883 2711 1896 2742 1

1856 2720 1880 2742 u
1898 2720 1945 2743 VR·

493 2717 533 2739 ΘΓ

258 2755 341 2794 135
373 2750 575 2803 indivisa
600 2750 656 2799 α’
780 2756 861 2795 143
895 2766 978 2796 om.
1005 2752 1072 2805 1.¹‚
1103 2754 1208 2796 add.
1234 2753 1291 2795 1⁴²
1412 2758 1496 2798 144
1529 2753 1658 2797 fulva
1680 2757 1789 2797 Pw:
1822 2753 1945 2798 fulta

253 2809 341 2853 11¹:
373 2809 496 2853 fulta
527 2809 740 2865 Lsc²uv
773 2813 966 2865 Μῑῖῐῐεν,
1005 2812 1082 2855 sed
1113 2827 1206 2857 own
1243 2815 1478 2857 columnae
1509 2827 1563 2857 ex
1592 2814 1771 2857 metallo
1794 2813 1945 2867 factae

348 2873 431 2912 145
464 2867 628 2912 effulta
667 2874 776 2913 Pw:
825 2869 993 2914 effossa
1040 2871 1323 2916 Koestlinius
1460 2876 1542 2915 146
1591 2870 1783 2916 clientes
1823 2877 1855 2914 P

259 2931 340 2970 147
374 2927 622 2984 impacatis
653 2933 685 2970 P
809 2933 892 2972 152
923 2931 1028 2972 uter
1058 2944 1112 2974 eae
1142 2930 1232 2973 iter
1262 2931 1329 2973 M¹
1421 2931 1576 2975 dircae
1603 2934 1666 2980 αἱ
