2066 3178
198 127 389 172 XXVIII
699 125 978 171 EDITORIS
1009 124 1354 169 PRAEFATIO

196 269 444 332 legontius
485 268 614 316 enim
654 266 891 315 Achilleis
933 283 1084 328 quam
1124 265 1337 314 Thebais
1376 265 1562 328 scripta
1599 265 1798 314 videtur
1837 266 1887 312 in

195 343 288 391 hoc
311 342 491 391 codice.
541 342 756 390 eiusdem
779 342 837 388 ut
860 340 1056 389 videtur
1080 342 1260 388 aetatis
1286 342 1531 388 corrector
1560 340 1612 386 in
1637 339 1887 388 Thebaide

197 433 392 479 quoque
427 415 670 479 quaedam
703 415 994 463 emendavit.

305 494 412 539 tum
452 491 648 538 saeculo
680 489 778 536 XII
817 489 988 552 scripti
1027 490 1142 542 sunt
1182 488 1279 537 duo
1322 488 1513 536 codices
1553 487 1887 549 Monacenses,

195 581 317 627 quos
350 581 479 613 anno
517 567 653 613 1901
689 563 942 612 Monachii
978 565 1084 625 ipse
1117 563 1317 611 contuli.
1374 579 1399 610 e
1434 562 1613 624 quibus
1645 561 1772 609 alter
1802 577 1886 609 no-

195 641 331 687 tatus
354 655 559 687 numero
580 640 683 686 312
712 631 876 704 (nobis
894 631 959 704 μ)
987 653 1011 685 e
1036 637 1338 685 bibliotheca
1362 636 1664 684 Hartmanni
1681 635 1886 684 Schedel

194 713 623 776 Norimbergensis
666 712 717 760 in
760 711 1115 760 bibliothecam
1157 711 1349 775 regiam
1391 711 1630 773 pervenit.
1705 710 1889 773 legitur

195 787 325 836 enim
370 789 423 835 in
469 787 705 835 interiore
743 788 1031 851 tegumento
1075 785 1276 836 LIBER
1315 783 1643 833 DOOTORIS
1682 784 1887 831 HART-

194 876 366 925 MANI
400 874 705 925 SGHEDEL
737 875 826 922 DE
861 872 1318 923 NORIMBERGA.
1383 875 1470 936 qui
1504 873 1636 921 unde
1669 873 1887 922 codicem

194 951 455 1014 acceperit,
486 951 716 999 nescitur.
765 952 928 997 tamen
965 947 1287 997 Germanicae
1319 966 1431 997 eum
1462 963 1565 996 esse
1598 947 1805 1011 originis
1838 949 1888 995 et

191 1024 302 1088 ipsa
332 1041 386 1073 re
416 1025 674 1088 probabile
704 1026 779 1072 est
811 1026 861 1071 et
886 1023 1253 1072 demonstratur
1283 1024 1465 1071 litteris
1489 1025 1521 1084 f
1537 1024 1587 1070 et
1609 1038 1638 1069 v
1671 1037 1884 1070 commu-

191 1099 314 1148 tatis
348 1116 386 1147 e.
421 1117 465 1164 g.
500 1099 649 1147 Theb.
679 1100 726 1159 8,
761 1099 881 1146 646.
944 1097 1165 1146 continet
1203 1097 1337 1145 foliis
1373 1099 1476 1145 148
1510 1096 1782 1145 numeratis
1816 1123 1884 1129 ——

191 1174 270 1223 vel
302 1174 468 1236 potius
505 1175 779 1236 149,·nam
811 1174 924 1234 post
955 1172 1039 1220 fol.
1069 1175 1132 1220 21
1178 1189 1332 1220 unum
1365 1172 1540 1220 folium
1572 1187 1774 1218 numero
1807 1186 1885 1218 ca-

192 1251 270 1296 ret
293 1275 366 1282 -—
392 1247 697 1296 Thebaidem
722 1247 878 1295 solam
903 1249 1198 1309 constatque
1225 1246 1650 1309 quaternionibus,
1676 1261 1886 1307 quorum

191 1322 402 1387 singulis
426 1322 624 1386 paginis
649 1337 817 1370 versus
842 1321 1076 1384 leguntur
1107 1320 1222 1368 inde
1256 1337 1285 1368 a
1309 1320 1511 1368 tricenis
1544 1319 1797 1382 quaternis
1823 1319 1886 1367 ad

190 1412 345 1446 senos.
406 1397 491 1444 fol.
521 1399 577 1444 1v
608 1398 715 1445 vita
744 1396 834 1443 illa
860 1395 992 1443 Stati
1022 1395 1183 1444 medio
1216 1411 1337 1443 aevo
1371 1396 1652 1457 conscripta
1682 1396 1885 1441 exarata

191 1473 278 1520 est.
310 1471 441 1519 unde
459 1487 558 1520 non
574 1470 754 1518 mirum
779 1470 911 1532 quod
934 1471 987 1516 in
1002 1470 1152 1518 titulo
1178 1469 1327 1532 primi
1349 1469 1465 1517 libri
1489 1469 1675 1516 falsum
1694 1468 1885 1516 Sursuli

191 1560 462 1610 cognomen
481 1547 690 1608 apparet
714 1544 797 1592 fol.
819 1546 891 1592 21:
910 1542 1159 1592 INCIPIT
1175 1569 1185 1578 ·
1198 1543 1401 1591 LIBER
1416 1568 1425 1579 ·
1440 1542 1687 1591 PRIMVS
1703 1568 1712 1577 ·
1729 1542 1882 1590 THE-

931 1613 946 1644 i
1244 1622 1264 1645 c

190 1657 316 1730 ΒΑΙΙ
334 1663 462 1713 DOS
482 1690 491 1702 -
512 1663 732 1714 STATII
750 1689 758 1698 ·
777 1662 1080 1711 PAPANII·
1099 1662 1395 1711 SVRSVLI
1412 1678 1538 1725 quae
1555 1662 1703 1710 rubro
1722 1662 1884 1710 colore

189 1740 325 1801 picta
365 1741 502 1799 sunt,
550 1739 645 1787 nisi
691 1737 824 1800 quod
863 1739 1174 1787 correcturae
1220 1740 1395 1800 postea
1439 1738 1718 1784 atramento
1765 1738 1883 1785 sunt

189 1813 365 1862 factae.
422 1815 534 1876 post
565 1812 786 1876 singulos
819 1815 984 1860 autem
1016 1812 1169 1860 libros
1200 1813 1379 1875 poetae
1411 1827 1592 1860 nomen
1623 1827 1722 1858 non
1756 1826 1883 1858 com-

189 1890 492 1936 memoratur
532 1903 588 1934 ac
627 1903 688 1934 ne
728 1887 950 1935 confecto
992 1886 1190 1948 quidem
1231 1888 1338 1934 toto
1380 1901 1528 1948 opere
1568 1885 1756 1948 legitur
1787 1884 1883 1933 nisi

191 1954 360 2028 D(e>o
395 1955 689 2028 GR(ati)AS
722 1960 899 2008 FINIS
925 1960 1149 2008 VENIT.

304 2052 604 2099 quamquam
637 2035 870 2083 librarius
903 2035 954 2082 in
987 2035 1272 2083 omittendis
1296 2035 1519 2083 versibus
1543 2034 1746 2081 minime
1770 2051 1880 2096 par-

191 2126 275 2160 cus
307 2111 428 2173 fuit,
467 2113 636 2158 tamen
674 2112 874 2172 praeter
911 2110 1039 2157 hanc
1077 2109 1445 2173 neglegentiam
1483 2109 1719 2171 pleraque
1749 2110 1882 2156 recte

190 2185 516 2247 transcripsit.
550 2184 680 2232 unde
703 2185 968 2233 correctori
983 2177 1049 2242 μ2
1072 2200 1170 2232 non
1195 2184 1409 2231 multum
1434 2198 1613 2245 operae
1637 2182 1879 2231 relictum.

190 2261 357 2307 tamen
390 2276 500 2307 eum
532 2275 631 2307 non
657 2258 829 2306 eodem
854 2257 1019 2306 codice
1044 2273 1188 2305 usum
1213 2273 1332 2320 esse,
1363 2258 1494 2305 unde
1517 2251 1583 2316 ,ιι1
1616 2256 1880 2317 descendit,

190 2333 308 2381 licet
333 2334 680 2382 demonstrare.
726 2348 813 2381 nec
839 2331 971 2380 enim
995 2331 1154 2380 solum
1179 2347 1349 2380 versus
1376 2331 1568 2393 spurios
1596 2333 1642 2393 2,
1663 2332 1875 2378 37——41

191 2408 444 2470 supplevit
475 2408 698 2469 aliosque
733 2423 762 2454 a
793 2401 857 2465 μῙ
889 2407 1203 2468 praeteritOS,
1235 2406 1320 2454 sed
1353 2407 1503 2454 etiam
1535 2420 1703 2454 versus
1737 2420 1878 2467 quos-

190 2480 305 2529 dam
338 2482 544 2543 addidit,
584 2482 670 2544 qui
709 2497 822 2529 cum
859 2482 911 2528 in
945 2479 1194 2528 codicibus
1234 2480 1495 2542 permultis
1528 2479 1878 2541 desiderentur,

192 2571 291 2604 non
321 2556 477 2618 ipsius
508 2520 701 2603 librarii
733 2555 879 2617 culpa
910 2555 963 2602 in
993 2573 1036 2613 μ
1069 2553 1236 2602 omissi
1267 2554 1513 2602 videntur.
1575 2569 1690 2601 nam

341 2639 388 2699 4,
417 2639 523 2686 270
555 2639 753 2699 praeter
783 2630 849 2696 μ1
880 2635 1119 2684 omittunt
1148 2639 1375 2684 BMLN
1387 2638 1559 2683 Cfrv:
1599 2633 1792 2683 addidit
1813 2628 1880 2692 ,a2

343 2713 390 2772 9,
417 2712 484 2759 53
639 2749 664 2773 „
786 2707 852 2770 μ1
972 2747 999 2772 „
1147 2712 1519 2765 BMLQOfv:
1553 2707 1747 2756 addidit
1777 2700 1844 2766 μ2

339 2786 517 2847 9,187
635 2822 661 2846 ,‚
782 2779 847 2844 μῙ
968 2821 996 2845 ,,
1145 2777 1462 2839 BM1QS¹fz
1483 2775 1752 2840 addiditffl
1768 2797 1878 2829 cum

188 2866 398 2915 lectione
422 2867 706 2928 Debilitafre,
739 2868 867 2915 sicut
890 2870 957 2927 N,
984 2865 1225 2913 eandem
1212 2882 1264 2913 111
1287 2867 1427 2914 textu
1454 2858 1512 2912 8²
1545 2863 1756 2924 exhibet,
1786 2879 1876 2925 pro

187 2940 329 2990 varia
359 2941 571 2989 lectione
602 2944 662 2988 D.
