2040 3164
234 114 342 167 356
832 112 884 157 P.
915 111 1118 156 PAPINI
1149 111 1323 156 STATI

233 251 444 318 iamque
484 250 644 302 miser
681 267 830 302 raros
871 249 1092 301 comites
1131 265 1420 315 verumque
1459 247 1674 300 videbat

231 324 452 392 Dorcea,
490 325 597 376 iam
637 324 776 376 vires
815 324 1075 392 paulatim
1115 322 1397 374 abscedere
1437 322 1616 375 sensit.

233 399 397 451 sentit
436 401 489 450 et
528 398 811 451 exhaustas
851 415 1033 450 umero
1072 397 1272 449 leviore
1311 396 1603 465 pharetrae,

234 475 338 526 iam
369 473 547 525 minus
581 475 741 541 atque
773 473 951 523 minus
983 471 1089 523 fert
1121 489 1268 523 arma
1298 489 1536 539 puerque
1567 469 1779 523 videtur
1837 483 1923 522 855

233 551 286 600 et
324 546 440 614 sibi,
481 565 599 599 cum
641 550 795 599 torva
833 546 993 614 clipei
1032 545 1346 598 metuendus
1387 546 1589 598 obarsit

232 624 349 674 luce
387 621 585 690 Dryas:
625 622 825 674 tremor
865 618 957 673 ora
997 638 1186 689 repens
1226 637 1287 671 ac
1325 619 1530 672 viscera
1568 618 1728 671 torsit

235 695 493 764 Arcados;
532 698 699 763 utque
737 695 838 747 feri
877 697 1145 747 vectorem
1185 694 1427 747 fulminis
1467 694 1620 746 albus

234 788 352 823 cum
392 788 555 839 supra
595 770 829 838 respexit
869 771 999 836 olor,
1039 769 1190 838 cupit
1227 767 1432 822 hiscere
1471 768 1644 837 ripam

234 844 551 913 Strymonos
592 847 645 896 et
682 843 919 913 trepidas
960 844 1016 895 in
1055 845 1272 912 pectora
1311 843 1579 896 contrahit
1618 844 1753 895 alas:
1839 855 1925 895 860

234 920 309 971 sic
347 919 593 971 iuvenem
635 920 780 971 saevi
819 921 1105 986 conspecta
1145 918 1283 970 mole
1323 917 1595 986 Dryantos

234 994 337 1046 iam
378 1012 487 1045 non
527 993 607 1045 ira
646 992 808 1061 subit,
848 992 939 1046 sed
977 992 1073 1044 leti
1111 993 1333 1044 nuntius
1372 991 1579 1045 horror.

232 1086 379 1120 arma
416 1073 612 1135 tamen,
650 1067 850 1119 frustra
890 1084 1112 1134 superos
1153 1065 1497 1135 Triviamque
1536 1069 1800 1135 precatUS,

234 1143 457 1194 molitur
496 1143 702 1211 pallens
743 1144 797 1194 et
836 1141 1024 1194 surdos
1050 1140 1280 1209 *expedit
1320 1159 1487 1194 arcus

233 1218 446 1284 iamque
486 1217 653 1269 instat
691 1216 813 1268 telis
853 1218 906 1267 et
945 1213 1232 1283 utramque
1269 1214 1475 1268 oblicus
1516 1215 1571 1267 in
1611 1217 1793 1267 ulnam
1841 1228 1926 1268 865
2019 1253 2021 1267 .

233 1310 432 1344 cornua
471 1289 741 1361 contingit
778 1307 1030 1343 mucrone
1070 1292 1123 1342 et
1161 1292 1380 1359 pectora
1418 1307 1598 1358 nerv0,

233 1384 353 1418 cum
394 1365 542 1416 ducis
582 1363 745 1416 Aonii
785 1382 981 1434 magno
1023 1365 1129 1416 cita
1167 1363 1380 1416 turbine
1422 1365 1600 1434 cuspis

232 1441 403 1492 fertur
442 1439 497 1491 in
537 1439 815 1491 adversum
856 1438 1114 1508 nervique
1154 1438 1373 1507 obliqua
1412 1439 1594 1492 sonori

232 1514 409 1566 vincla
449 1517 614 1565 secat:
654 1516 881 1582 pereunt
920 1513 1059 1565 ictus
1097 1513 1452 1581 manibusque
1491 1512 1727 1567 remissis

233 1606 370 1641 vana
408 1589 660 1656 supinato
701 1587 1009 1640 ceciderunt
1048 1587 1254 1656 spicula
1294 1605 1474 1640 cornu.
1841 1600 1927 1639 870
2010 1603 2011 1622 ³

233 1667 361 1715 tunc
399 1663 564 1714 miser
602 1666 656 1714 et
694 1663 873 1715 frenos
913 1661 1161 1714 turbatus
1203 1665 1255 1714 et
1294 1681 1440 1714 arma
1478 1662 1700 1731 remisit,

234 1737 470 1789 vulneris
512 1736 793 1805 inpatiens,
832 1735 1002 1789 umeri
1043 1736 1186 1805 quod
1225 1737 1460 1807 tegmine
1501 1736 1672 1788 dextri

235 1812 462 1863 intrarat
499 1811 819 1879 facilemque
860 1813 1058 1864 cutem:
1100 1810 1246 1862 subit
1286 1812 1453 1863 altera
1493 1811 1673 1879 cuspis

235 1885 642 1954 cornipedisque
682 1885 865 1955 fugam
905 1885 1107 1937 succiso
1147 1886 1354 1954 poplite
1394 1885 1550 1938 sistit.

353 2096 438 2135 852
471 2104 600 2135 raros
640 2105 707 2135 w:
755 2104 859 2135 raro
898 2096 931 2134 P
1059 2104 1219 2135 verum
1267 2069 1552 2146 comitesque
1593 2095 1621 2132 c
1748 2105 1929 2134 verum-
2006 2106 2012 2123 »’

234 2165 324 2207 que
357 2166 423 2195 w:
466 2163 778 2206 superumque
810 2155 842 2193 P
979 2154 1063 2194 853
1098 2150 1278 2194 Dorcen
1312 2155 1339 2192 G
1445 2163 1646 2206 namque
1678 2165 1720 2204 μ
1827 2163 1929 2194 sen·

235 2211 296 2253 sit
344 2215 471 2258 1³83:
522 2210 667 2254 sentit
712 2224 758 2253 ω
895 2214 981 2253 854
1030 2209 1183 2254 Sentit
1221 2214 1330 2264 Ρω,
1379 2210 1500 2266 quod
1537 2211 1710 2254 retinui
1752 2214 1930 2254 mutata

234 2301 618 2356 interpwnctione:
655 2298 811 2342 Sensit
835 2313 862 2348 ς
887 2300 1020 2357 vulyo
1120 2302 1204 2342 856
1239 2278 1418 2353 {barsit
1441 2298 1481 2340 1²¹
1580 2302 1665 2342 857
1697 2298 1835 2354 dryas
1860 2313 1927 2342 w:
2005 2310 2008 2315 ·

235 2389 396 2444 thryas
435 2393 468 2430 P
573 2389 747 2431 tremor
784 2404 850 2432 w:
900 2402 996 2432 cre-
1034 2392 1066 2430 P
1217 2392 1302 2431 858
1343 2387 1476 2431 albus
1513 2402 1579 2431 w:
1629 2367 1755 2432 alveos
1786 2387 1842 2430 Ρ1
2012 2368 2013 2373 ¹

236 2481 321 2520 860
355 2476 614 2533 Strymonis
639 2492 662 2519 r
754 2449 956 2521 contriijt
973 2476 1114 2520 halas
1139 2476 1196 2519 13³
1287 2480 1370 2520 861
1398 2475 1610 2532 dryantis
1635 2490 1691 2520 εει·
1713 2490 1786 2519 -os
1802 2480 1852 2518 1³⁰
1863 2477 1927 2519 (ὓς
2000 2463 2002 2466 ’
2028 2499 2031 2543 ;

236 2566 317 2609 —tis
350 2580 395 2609 ω
511 2570 595 2609 862
629 2566 834 2610 numinis
869 2571 896 2608 C
1011 2570 1097 2609 864
1130 2546 1290 2620 sudo}e
1315 2570 1353 2608 fr
1443 2564 1620 2622 expetit
1645 2569 1672 2607 C
1764 2566 1891 2608 artus
1911 2568 1933 2606 f

324 2629 409 2668 865
443 2624 660 2681 obliquus
685 2641 751 2670 w:
785 2625 959 2670 oblitus
984 2630 1016 2667 P
1047 2626 1135 2682 frq.
1162 2624 1356 2670 Werd.¹:
1391 2624 1588 2668 obnixus
1613 2625 1930 2669 Phillimorz'us

323 2683 484 2727 ulnam
510 2699 575 2728 w:
609 2698 774 2728 urnam
799 2690 832 2727 P
939 2689 1024 2728 866
1057 2684 1258 2742 contigit
1288 2689 1314 2726 b
1422 2688 1506 2728 869
1538 2683 1737 2727 recussis
1762 2684 1929 2728 Philli-
2002 2671 2021 2731 ,Ῐ

234 2746 406 2788 onorius
497 2747 583 2787 870
616 2743 750 2787 Vana
775 2744 994 2800 supinato
1019 2758 1086 2788 w:
1120 2743 1347 2799 Vanaque
1371 2743 1538 2799 supino
1562 2747 1595 2785 P
1686 2747 1770 2786 872
1805 2742 1928 2797 quod
2007 2767 2020 2794 :¹

235 2852 288 2890 P:
323 2860 415 2902 qua
448 2862 515 2891 w:
549 2813 674 2902 qlgdd
706 2853 742 2890 D
832 2847 1038 2903 tegmine
1071 2850 1262 2895 PBch
1292 2847 1380 2904 fry.
1408 2846 1600 2891 Werd.¹:
1634 2859 1716 2889 -na
1747 2849 1818 2902 (ex
1850 2860 1927 2888 -ne
1992 2823 2018 2873 Ϊ

235 2935 319 2979 L0:
369 2909 451 2979 aiae.
483 2936 551 2992 b¹)
583 2951 628 2980 ω
750 2940 836 2980 873
869 2950 1035 2992 aspera
1065 2951 1107 2991 μ
1228 2939 1314 2980 874
1345 2934 1526 2992 poblite
1556 2940 1577 2977 1
2006 2925 2012 2932 ’
