2040 3164
283 66 394 119 160
885 63 934 107 Ρ.
967 61 1171 106 ΡΑΡΙΝῚ
1203 60 1377 106 STATI

278 202 526 272 hospitis,
566 201 672 268 illa,
713 199 886 260 duceS‚
927 201 1141 267 raptum
1181 215 1316 266 quae
1357 196 1470 250 sola
1507 199 1784 266 parentem
1921 209 1995 249 35.

279 277 507 330 occului.
584 274 714 344 quid
750 275 913 343 longa
951 272 1106 326 malis
1147 271 1364 324 exordia
1399 270 1593 324 necto?

281 355 334 404 et
373 369 470 403 vos
510 368 655 402 arma
693 351 888 401 vocant
926 348 1214 418 magnique
1253 347 1311 398 in
1350 345 1505 399 corde
1544 348 1776 414 paratus,

280 425 384 478 hoc
422 440 742 477 memorasse
782 425 864 475 sat
903 424 1005 474 est:
1047 420 1190 473 claro
1230 423 1481 490 generata
1520 418 1763 471 Thoante

281 499 561 553 servitium
602 496 901 566 Hypsipyle
941 496 1106 548 vestri
1143 495 1258 547 fero
1299 496 1455 563 capta
1493 492 1760 563 Lycurgi?

394 573 666 626 advertere
705 572 926 639 animos,
964 571 1240 639 maiorque
1280 571 1331 620 et
1369 568 1575 620 honora
1619 567 1783 619 videri
1924 580 1978 620 40

281 665 484 718 parque
524 645 671 715 operi
711 648 885 714 tant03
930 645 1134 697 cunctis
1175 646 1305 696 tunc
1342 660 1562 695 noscere
1603 659 1755 695 casus
1998 639 1999 642 ’

282 725 433 776 ortus
472 739 636 790 amor,
673 722 826 788 pater
864 722 985 771 ante
1026 718 1160 771 alios
1198 717 1448 770 hortatur
1486 715 1771 770 Adrastus:

284 797 468 850 ‘immo
508 813 623 865 age,
662 794 787 847 dum
826 793 987 862 primi
1026 793 1188 861 longe
1228 791 1414 844 damus
1455 790 1669 860 agmina
1708 789 1858 860 vulgi

281 888 381 923 nec
419 870 592 923 facilis
632 867 836 922 Nemea
874 867 1010 920 latas
1052 867 1294 920 evolvere
1333 866 1488 934 vireS‚
1988 908 1992 911 ,

284 946 483 1015 quippe
524 943 747 996 obtenta
785 942 952 995 comis
992 945 1044 994 et
1083 939 1443 994 ineluctabilis
1482 938 1684 1006 umbra,
1924 950 1979 991 45

282 1019 456 1090 pande
495 1017 644 1071 nefas
683 1016 974 1085 laudesque
1014 1019 1132 1068 tuas
1174 1015 1509 1085 gemitusque
1548 1015 1780 1080 tuorum,

282 1094 425 1146 unde
464 1092 563 1144 hos
603 1091 853 1144 advenias
891 1108 1057 1161 regno
1100 1090 1303 1142 deiecta
1341 1087 1584 1141 labores.'

397 1167 550 1220 dulce
587 1165 743 1235 loqui
781 1165 989 1218 miseris
1028 1167 1341 1231 veteresque
1378 1162 1627 1215 reducere
1669 1164 1902 1230 questus.

283 1242 497 1310 incipit:
539 1240 772 1311 ‘Aegaeo
813 1239 1075 1308 premitur
1114 1237 1422 1291 circumflua
1460 1235 1636 1289 Nereo

285 1316 529 1384 LemnOS‚
568 1314 663 1368 ubi
703 1314 932 1384 ignifera
970 1313 1142 1366 fessus
1181 1313 1407 1380 respirat
1447 1310 1512 1364 ab
1555 1309 1729 1363 Aetna
1927 1322 1982 1363 50

284 1390 574 1459 Mulciber3
614 1389 821 1460 ingenti
859 1388 1106 1442 tellurem
1144 1387 1419 1456 proximus
1458 1384 1647 1438 umbra
2037 1376 2040 1386 ’

284 1466 447 1518 vestit
487 1462 660 1516 Athos
701 1480 1086 1530 nemorumque
1127 1462 1377 1514 obscurat
1415 1459 1648 1531 imagine
1687 1461 1936 1528 pontum3

406 1695 779 1743 TESTIMONIA
834 1701 889 1740 35
938 1698 1083 1742 Prisc.
1127 1696 1202 1741 GL
1242 1696 1285 1739 II
1325 1699 1430 1749 526,
1467 1699 1492 1739 8
1549 1694 1730 1749 occulo,
1787 1693 1982 1738 occului.

287 1759 466 1803 Statius
514 1758 563 1802 in
611 1757 653 1801 V
698 1757 985 1801 Thebaidos:
1034 1758 1222 1812 raptum
1255 1790 1297 1800 ..
1333 1754 1516 1798 occului
1663 1759 1718 1798 39
1752 1757 1802 1797 Σ
1830 1758 1871 1809 5,
1896 1757 1982 1797 498

285 1819 528 1876 eleganter
566 1818 722 1860 iterat.
786 1818 892 1860 ante
935 1816 1060 1859 enim
1099 1830 1240 1871 quam
1280 1814 1509 1871 inciperet
1549 1813 1607 1858 ab
1641 1813 1818 1871 origine
1851 1813 1985 1857 Lem-

286 1877 482 1922 niadum
513 1876 642 1920 facta
672 1890 882 1929 narrare,
910 1875 1049 1919 dixit:
1092 1874 1334 1919 servitium
1360 1909 1368 1918 .
1390 1909 1398 1918 .
1424 1872 1625 1930 Lycurgi
1732 1876 1804 1915 ‘44
1837 1873 1982 1917 Prisc.

290 1936 366 1981 GL
391 1937 433 1981 Π
458 1941 558 1992 287,
585 1941 639 1980 12
674 1935 800 1992 apud
834 1935 1038 1979 Statium
1068 1948 1176 1979 vero
1208 1933 1406 1988 Nemea,
1445 1932 1557 1988 quia
1590 1932 1789 1976 servavit
1821 1945 1848 1975 a
1881 1945 1984 1988 pro·
2030 1978 2040 1995 ¹¹

290 1997 501 2052 ductam,
542 1997 786 2039 accentum
826 2008 1009 2051 quoque
1051 1993 1279 2038 Graecum
1312 1993 1536 2047 servavit,
1569 1991 1618 2035 id
1652 1993 1722 2035 est
1753 1990 1984 2047 paenulti-
2036 2006 2040 2044 g

287 2070 414 2099 mam
456 2056 663 2109 acutam,
696 2054 746 2097 in
777 2054 819 2098 V
851 2053 1110 2098 Thebaide:
1166 2066 1252 2097 nec
1287 2087 1294 2095 .
1322 2087 1331 2096 .
1365 2052 1498 2097 vires.
1569 2053 1624 2106 ef.
1659 2051 1722 2095 ad
1745 2054 1896 2104 4,487

288 2120 346 2159 48
378 2119 428 2159 Σ
457 2119 498 2170 5,
523 2119 608 2159 500
642 2114 821 2159 solatur
853 2114 1044 2158 damna:
1080 2113 1200 2156 dixit
1232 2114 1279 2156 et
1310 2112 1434 2155 hunc
1467 2125 1651 2155 sensum
1677 2112 1817 2167 poeta
1850 2124 1984 2166 supe-
2036 2119 2040 2158 ’ς

287 2175 407 2218 rius:
443 2174 577 2218 dulce
607 2209 643 2217 ..
670 2173 852 2217 miseris

411 2400 466 2439 36
510 2395 678 2440 Ocului
716 2399 815 2444 BQ:
859 2376 1026 2439 Oo⁰ului
1064 2394 1143 2438 11⁰
1228 2375 1373 2487 {longia
1418 2396 1451 2435 B
1604 2396 1658 2435 38
1698 2392 1823 2435 Haec
1854 2406 1896 2446 μ

1254 2463 1365 2494 rapa

291 2501 485 2556 parente
520 2504 547 2542 c
697 2503 751 2543 39
785 2498 1039 2555 hipsipilae
1070 2503 1103 2541 P
1225 2500 1366 2554 capta
1412 2502 1447 2540 D
1568 2495 1743 2552 ligurgi
1792 2499 1897 2550 σίμ
2014 2516 2017 2518 -

291 2564 346 2602 41
382 2559 511 2615 operi
544 2560 616 2616 (cf.
643 2573 682 2603 v.
710 2560 786 2615 35)
823 2563 932 2602 Pw:
972 2558 1098 2614 patri
1139 2558 1424 2602 Koestlinius
1559 2560 1615 2599 43
1655 2569 1739 2600 om.
1775 2558 1831 2607 Q,
1878 2553 1982 2598 add.
2013 2563 2018 2567 ·

720 2620 738 2650 ir
747 2619 871 2650 facilis

294 2662 350 2710 αἱ
374 2677 458 2720 my.
581 2666 639 2706 44
671 2661 808 2706 facile
843 2664 913 2705 est
944 2661 1019 2706 vl:
1067 2660 1206 2705 facile
1240 2662 1311 2704 est
1341 2665 1377 2703 1)
1497 2671 1662 2703 nemea
1693 2657 1794 2707 PQ²
1818 2659 2005 2714 Prisca⁴
2039 2692 2040 2702 ,

292 2780 454 2808 nemee
494 2780 540 2809 ω
685 2770 740 2809 47
778 2722 871 2809 itliiod
917 2764 995 2808 ΜΟ
1145 2767 1200 2808 48
1248 2765 1380 2821 vulyo
1428 2763 1629 2808 Adrasto
1675 2763 1985 2814 continuatur,

290 2825 369 2869 sed
399 2830 512 2869 recte
540 2824 797 2870 Garrodius
821 2825 1036 2870 distinxit
1126 2827 1179 2867 51
1207 2822 1435 2866 Mulciber
1463 2822 1551 2880 (-b-
1576 2835 1630 2866 εει)
1655 2821 1713 2864 -f-
1738 2820 1810 2877 13¹)
1840 2823 1984 2863 BDN:
2006 2850 2007 2853 η

296 2883 531 2941 Mulgiber
562 2889 614 2927 P:
649 2883 866 2928 Mulcifer
897 2898 942 2927 ω
