2132 3172
203 68 273 121 22
805 68 854 112 Ρ.
887 67 1093 112 PAPINI
1123 67 1301 112 STATI

198 207 436 257 exertare
475 222 688 257 umeros
728 204 1033 272 nuda-mque
1071 205 1329 259 lacessere
1369 223 1639 276 pugnam..
1702 231 1704 234 >

201 278 394 332 celsior
432 277 523 330 ille
564 278 734 347 gradu
773 296 992 346 procera
1031 278 1088 329 in
1125 278 1365 331 membra
1403 279 1670 348 simulque

199 352 408 423 integer
447 370 725 437 annorum,
765 352 857 405 sed
895 370 1004 405 non
1043 355 1096 405 et
1134 352 1339 406 viribus
1378 353 1517 406 infra
1696 394 1698 397 .
1809 367 1895 407 415

198 426 379 510 Tydea
418 427 523 479 fert
562 427 785 494 animuS,
823 429 1076 495 totosque
1116 426 1294 480 infusa
1331 445 1427 496 per
1466 431 1613 481 artus
1689 470 1693 474 .

198 500 371 553 maior
410 500 462 552 in
506 501 700 571 exiguo
739 500 1001 571 regnabat
1041 519 1265 571 corpore
1305 502 1490 555 virtus,

198 575 304 627 iam
345 575 558 628 crebros
598 575 739 629 ictus
780 593 872 628 ora
911 578 964 628 et
1005 593 1131 627 cava
1171 578 1415 645 tempora
1455 580 1652 630 circum

200 649 383 702 obnixi
425 649 775 720 ingeminant,
815 651 1045 702 telorum
1085 653 1178 702 aut
1218 650 1492 721 grandinis
1533 651 1704 714 instar

199 722 487 792 Riphaeae,
527 724 774 792 flexoque
814 742 955 794 genu
995 741 1163 776 vacua
1202 723 1295 776 ilia
1320 724 1614 788 tundunt„
1809 739 1896 778 420

197 815 307 850 non
346 797 501 850 aliter
540 816 700 866 quam
738 797 927 851 Pisaeo
969 816 1064 850 sua
1101 799 1272 851 lustra
1311 798 1543 852 Tonanti
1596 821 1598 825 ’

198 890 318 925 cum
358 871 583 925 redeunt
622 871 905 941 crudisque
945 872 1119 925 virum
1160 873 1446 926 sudoribus
1486 874 1636 926 ardet

198 947 399 1015 pulvis3
439 949 496 999 at
534 946 662 1000 hinc
700 949 914 999 teneros
955 965 1143 999 caveae
1184 947 1454 1000 dissensus
1496 948 1731 1017 ephebos

197 1021 447 1089 concitat,
487 1023 838 1090 exclusaeque
878 1025 1161 1090 expectant
1198 1022 1437 1091 praemia
1476 1025 1694 1075 matres:

198 1096 275 1148 sic
314 1096 513 1148 alacres
555 1096 678 1148 odio
718 1095 972 1165 nullaque
1013 1095 1261 1165 cupidine
1301 1096 1473 1149 laudis
1808 1111 1894 1151 4‘25

197 1171 406 1222 accensi
446 1171 742 1238 incurrunt,
783 1173 1052 1223 scrutatur
1091 1173 1145 1223 et
1183 1170 1373 1223 intima
1411 1172 1593 1224 vultus

197 1262 336 1296 unca
376 1262 565 1296 manus
604 1244 927 1313 penitusque
968 1245 1139 1297 oculis
1178 1244 1489 1298 cedentibus
1530 1245 1710 1299 intrat.

197 1318 378 1371 forsan
417 1321 470 1371 et
510 1320 774 1372 accinctos
814 1319 969 1371 lateri
1009 1350 1080 1356 —
1122 1319 1198 1372 sic
1237 1320 1317 1372 ira
1353 1319 1561 1372 ferebat
1607 1351 1671 1359 --

196 1392 487 1445 nudassent
527 1410 693 1462 ense-²³,
734 1393 1031 1462 meliusque
1071 1393 1359 1447 hostilibus
1400 1394 1570 1447 armis-

196 1467 461 1537 lugendus
500 1467 668 1535 fratri,
708 1468 915 1520 iuvenis
955 1467 1224 1539 Thebane,
1263 1469 1473 1537 iaceres,
1808 1483 1894 1523 430

196 1542 252 1593 ni
292 1559 399 1610 rex,
439 1540 717 1595 insolitum
756 1541 1042 1595 clamorem
1082 1544 1135 1594 et
1173 1545 1390 1612 pectore
1430 1541 1498 1595 ab
1539 1542 1647 1596 alto

198 1614 481 1668 stridentes
522 1617 754 1687 gemitus
792 1617 967 1669 noctis
1008 1617 1230 1669 miratus
1272 1618 1326 1670 in
1367 1617 1588 1684 umbriS,
1622 1657 1623 1660 ,

197 1690 455 1742 movisset
495 1707 723 1759 gressuS‚
763 1691 971 1761 magnis
1005 1691 1090 1743 cui
1130 1690 1310 1744 sobria
1348 1692 1488 1745 curis

316 1870 401 1909 413
445 1867 586 1911 Class.
636 1866 771 1911 Λυσι.
813 1866 884 1910 ed.
926 1865 1022 1910 Mai
1061 1865 1122 1909 IX
1163 1882 1209 1923 p.
1246 1871 1329 1911 195
1386 1868 1593 1912 exertare
1631 1867 1892 1913 denudare.

197 1922 397 1968 Statius.
431 1928 640 1970 exertare
674 1925 890 1970 humeros
1020 1930 1106 1970 415
1141 1927 1286 1971 Prisc.
1312 1926 1390 1972 GL
1413 1925 1457 1971 11
1489 1931 1672 1981 299,12
1697 1933 1896 1985 propter

197 1986 503 2029 accusativum
553 1985 735 2040 Tydea:
781 1984 959 2029 Statius
1007 1985 1056 2028 in
1095 1985 1136 2030 I:
1187 1999 1274 2030 nec
1320 1999 1413 2030 non
1459 1987 1550 2031 et.
1577 2018 1587 2029 .
1620 1986 1804 2032 animus

197 2048 282 2086 417
324 2043 443 2088 Smetv
479 2043 644 2102 Georg.
678 2050 727 2099 4,
761 2049 816 2088 83
866 2043 1066 2089 Statius.
1114 2045 1264 2089 maior
1398 2043 1569 2102 virtus3
1633 2048 1689 2102 cf.
1739 2046 1892 2091 Schol.

198 2102 332 2147 Bern.
365 2104 475 2147 ibid.

317 2285 403 2324 413
436 2281 652 2326 humeros
676 2286 708 2324 P
830 2286 915 2326 415
950 2281 1031 2326 sed
1063 2287 1166 2327 Pw:
1206 2298 1292 2328 nec
1325 2284 1469 2328 Prisc.
1570 2257 1806 2338 exiviribus
1843 2284 1893 2328 b¹

286 2374 371 2412 416
405 2372 622 2426 totosque
647 2374 737 2414 PD:
787 2372 910 2415 totos
950 2352 1040 2429 (αἵθ
1074 2371 1171 2426 L11)
1205 2386 1250 2416 ω
1377 2376 1463 2417 419
1496 2372 1740 2430 geminant
1770 2378 1803 2417 L

197 2462 282 2501 420
329 2439 533 2502 ῢὲηᾱιιῃῢ
588 2458 670 2503 ἱσε
726 2440 927 2516 izi-indunt
975 2460 1050 2509 αις
1115 2461 1316 2505 tendunt
1361 2477 1404 2516 μ
1555 2466 1640 2506 422
1694 2463 1894 2507 redeunt
1958 2496 1961 2500 -

196 2522 274 2561 Pl:
326 2517 526 2562 reddunt
575 2534 620 2562 ω
774 2523 859 2562 423
901 2519 1138 2564 dissensus
1178 2535 1233 2565 ex
1280 2521 1422 2565 diste·
1462 2521 1520 2564 3¹
1640 2521 1828 2566 efoebos
1860 2527 1893 2566 Ρ

286 2580 372 2619 425
420 2577 508 2620 Hic
557 2582 585 2619 c
690 2578 942 2635 nullaeque
997 2581 1165 2624 Turon.
1303 2584 1388 2623 426
1437 2582 1705 2634 scrutantur
1747 2581 1805 2624 3¹

196 2664 363 2708 intima
411 2680 464 2709 επ
508 2665 599 2710 ult·
638 2667 695 2709 3¹
831 2672 916 2711 427
955 2667 1297 2728 {cedentibus
1337 2670 1539 2761 (re->rm
1584 2650 1732 2714 mced.-
1779 2685 1803 2713 r

196 2768 343 2812 intrat
380 2773 432 2813 1³:
477 2769 626 2813 instat
665 2772 736 2827 (ex
783 2774 886 2816 -ant
927 2775 971 2827 G)
1011 2787 1057 2816 ω
1203 2777 1287 2817 429
1323 2739 1535 2834 hostibus
1567 2772 1627 2817 1¹:
1675 2773 1890 2817 hostibus

202 2828 371 2872 Turon.
495 2833 578 2872 431
613 2829 854 2874 insolitum
890 2845 945 2876 ex
974 2833 1071 2875 -tus
1105 2837 1132 2875 c
1269 2836 1355 2876 433
1389 2832 1543 2876 sobria
1573 2836 1682 2877 Pw:
1731 2832 1891 2877 saucia

197 2887 526 2933 Lachmaimus
