2132 3152
686 117 966 163 EDITORIS
999 117 1342 163 PRAEFATIO
1635 120 1638 123 ’
1659 116 1872 162 XXXVII

170 279 268 311 non
301 261 406 310 solo
431 260 699 324 exemplari
726 260 966 323 adhibito,
1000 259 1084 308 sed
1111 259 1263 308 etiam
1289 260 1387 308 alio
1414 260 1558 321 libro,
1591 261 1651 308 cf.
1681 261 1728 320 9,
1750 262 1869 309 741.

171 338 291 386 865.
319 337 439 384 872.
468 337 588 384 879.
626 338 708 397 10,
735 337 856 384 367.

279 412 559 476 fragmenta
591 411 837 473 quaedam
862 410 1267 470 Monacensia,
1299 427 1360 458 ne
1393 410 1513 472 quid
1546 412 1769 460 omisisse
1798 413 1868 459 vi-

169 487 388 548 deamur,
410 486 628 534 breviter
658 486 739 534 hic
762 487 1095 549 perstringere
1121 485 1284 533 liceat.
1340 502 1457 534 nam
1481 485 1529 532 in
1559 486 1742 535 codicis
1766 488 1870 535 Mo-

167 563 391 610 nacensis
430 562 516 609 lat.
554 563 618 609 11
635 562 739 609 309
782 563 1073 624 tegumento
1114 562 1350 608 interiore
1390 561 1764 625 agglutinatum
1797 564 1873 610 est

169 653 323 684 unum
347 636 525 684 folium
551 635 761 683 duarum
786 636 1145 697 columnarum,
1171 635 1352 698 quibus
1379 637 1554 697 scripti
1579 639 1694 684 sunt
1719 636 1869 685 Theb.

171 715 216 772 1,
237 711 512 759 226—268
548 713 597 758 et
626 713 671 771 1,
690 712 984 759 451-494.
1033 710 1149 758 hinc
1174 726 1230 758 ex
1255 713 1416 773 primo
1443 711 1654 759 alicuius
1687 712 1870 760 codicis

167 788 495 848 quaternione
521 801 743 834 aversam
771 787 1068 847 scripturam
1093 786 1232 834 tertii
1255 786 1380 847 folii,
1404 788 1588 834 rectam
1616 787 1743 834 sexti
1767 803 1870 835 esse

167 863 414 909 servatam
438 862 780 924 cognoscitur,
814 862 856 909 si
881 861 1083 923 quidem
1116 860 1464 924 quadragenos
1497 863 1675 924 quinos
1699 877 1869 910 versus

165 938 215 983 in
242 935 450 1000 singulis
475 937 672 1000 paginis
699 938 920 985 extitisse
946 936 1196 998 quondam
1213 937 1319 984 veri
1345 936 1507 984 simile
1534 939 1621 985 est.
1654 953 1771 984 nam
1795 939 1870 984 in-

164 1012 344 1060 feriore
367 1013 591 1074 margine
618 1011 864 1074 quaedam
887 1013 1045 1059 recisa
1071 1012 1200 1059 sunt.
1236 1012 1537 1060 antecedunt
1562 1014 1730 1060 autem
1755 1014 1870 1060 ante

166 1101 224 1134 ea
256 1102 384 1149 quae
417 1087 518 1150 legi
547 1089 771 1148 possunt,
803 1102 974 1135 versus
1004 1087 1124 1148 225,
1157 1088 1189 1133 i.
1217 1103 1254 1134 e.
1291 1087 1397 1134 5><
1417 1087 1510 1135 45:

163 1549 339 1598 deinde
364 1552 417 1597 in
442 1551 623 1599 codicis
650 1552 959 1601 Monacensis
984 1554 1070 1602 lat.
1094 1557 1157 1602 11
1174 1555 1278 1601 812
1307 1555 1556 1602 anteriore
1580 1556 1868 1618 tegumento

164 1626 336 1673 extant
361 1626 643 1688 fragmenta
669 1643 903 1675 versuum
930 1629 1079 1676 Theb.
1109 1629 1155 1691 8,
1176 1629 1416 1676 95—123
1437 1633 1487 1676 et
1506 1630 1554 1690 8,
1574 1630 1868 1690 321—349,

166 1701 218 1747 in
251 1701 523 1761 posteriore
558 1701 776 1750 eiusdem
809 1703 992 1751 codicis
1028 1705 1075 1764 8,
1103 1705 1378 1752 187—215
1416 1706 1464 1752 et
1498 1704 1545 1766 8,
1573 1705 1866 1753 232—259.

164 1790 288 1835 quae
329 1776 610 1839 fragmenta
651 1778 720 1825 sic
761 1778 1012 1840 quondam
1053 1779 1318 1826 coniuncta
1357 1779 1508 1827 fuisse
1548 1778 1868 1827 manifestum

163 1851 251 1910 est,
282 1851 340 1897 ut
362 1851 443 1898 hic
466 1851 700 1899 intimum
723 1853 900 1900 folium
925 1854 1268 1916 quaternionis
1290 1847 1374 1920 (4ν
1391 1856 1440 1902 et
1459 1846 1551 1920 5¹),
1574 1854 1681 1902 11116
1704 1856 1867 1916 proxi-

161 1940 297 1972 mum
329 1925 547 1973 eiusdem
580 1919 663 1993 (3V
687 1929 736 1975 et
763 1920 837 1993 δ”)
872 1929 937 1976 sit
969 1928 1268 1977 adhibitum:

862 2344 881 2374 3
987 2350 990 2351 ⁷
1072 2344 1092 2376 5
1140 2346 1160 2376 e

162 2402 271 2435 cum
298 2404 413 2437 vero
446 2392 614 2452 partes
646 2392 844 2439 tantum
875 2394 1175 2457 paginarum
1208 2395 1432 2442 servatae
1466 2395 1580 2454 sint,
1613 2394 1718 2442 seni
1751 2393 1864 2441 deni

161 2478 330 2511 versus
363 2463 414 2510 in
447 2465 578 2512 calce
611 2467 845 2528 cuiusque
876 2469 1021 2517 recisi
1053 2471 1181 2517 sunt.

275 2554 402 2600 quae
435 2539 716 2603 fragmenta
748 2556 858 2588 cum
891 2543 955 2590 ad
988 2546 1146 2591 artem
1180 2544 1406 2592 criticam
1438 2542 1564 2590 nihil
1597 2543 1863 2603 adferrent,

162 2612 213 2658 in
247 2615 493 2674 apparatu
525 2615 697 2662 critico
730 2617 1005 2666 omittenda
1038 2618 1168 2666 duxi.

275 2685 580 2737 Germanicis
613 2689 752 2737 libris
787 2691 1100 2756 adiungimus

861 2796 1154 2846 Batavum

275 2881 537 2930 codicem
570 2882 1017 2934 Gronovianum
1042 2880 1355 2954 (Leidensem
1392 2890 1514 2948 374,
1539 2887 1680 2935 nobis
1705 2880 1780 2953 g),
1812 2887 1863 2934 in
1897 2903 1932 2946 g

162 2971 259 3018 quo
285 2957 480 3005 saeculo
506 2958 762 3007 undecimo
789 2961 924 3010 foliis
947 2963 976 3011 2
986 2964 1012 3010 1
1021 2963 1053 3010 4
1081 2962 1292 3014 Thebais
1318 2978 1429 3013 cum
1454 2962 1654 3015 scholiis
1679 2978 1708 3010 a
1733 2977 1861 3010 com-
