2132 3152
659 111 940 158 EDITORIS
973 111 1316 156 PRAEFATIO
1700 110 1843 155 XLIII

142 260 195 307 in
229 277 274 307 ω
308 257 553 321 quomodo
594 256 661 304 sit
701 257 847 304 aucta
888 254 1139 316 corruptio
1181 255 1231 302 et
1267 252 1592 315 interpolatio
1634 253 1843 301 saeculis

143 333 330 382 decimo
357 334 406 380 et
430 331 690 379 undecimo
715 329 990 378 luculenter
1013 329 1359 391 perspiciatur,
1385 331 1555 376 tamen
1571 328 1699 376 hanc
1721 344 1841 390 quo-

143 424 237 471 que
277 406 521 455 familiam
563 406 621 454 ab
662 421 761 453 uno
801 404 966 452 codice
1007 419 1262 452 emanasse
1303 402 1633 451 demonstrari
1663 405 1840 465 potest.

143 499 200 531 ac
238 482 457 545 primum
498 480 698 543 quidem
736 480 888 543 primi
925 478 1043 527 libri
1082 480 1378 542 argumenta
1419 480 1468 526 et
1498 477 1740 540 pedestre,
1781 477 1844 524 ad

142 557 276 621 quod
307 556 511 618 respicit
544 555 703 604 Schol.
732 554 880 603 Theb.
911 557 958 615 1,
986 547 1125 621 61¹),
1159 555 1209 601 et
1242 553 1463 602 versibus
1495 554 1787 614 conceptum
1800 546 1840 618 2)

139 633 406 695 perierunt.
439 632 611 693 itaque
629 631 903 679 communis
921 629 1143 678 codicum
1162 647 1207 676 ω
1232 630 1377 690 pater
1393 629 1446 675 in
1463 627 1607 675 initio
1632 629 1842 676 mutilus

141 709 261 755 erat.
320 706 494 754 deinde
528 706 681 753 etiam
706 705 856 752 Theb.
887 706 971 765 10,
999 706 1104 753 100
1120 718 1190 765 sq.
1218 704 1398 751 damno
1433 704 1673 751 exteriore
1705 702 1842 751 labo-

139 784 254 830 rant
287 797 454 830 omnes
485 781 724 844 vulgatae
755 778 1042 828 traditionis
1074 778 1279 826 codices.
1351 794 1466 825 nam
1499 777 1844 826 desiderantur

140 872 310 906 versus
346 858 428 918 10,
458 855 747 904 100--105
784 856 834 901 613
861 856 944 914 10,
973 854 1281 914 112-117,
1314 853 1374 900 de
1408 869 1618 915 quorum
1652 852 1842 917 origine

141 931 371 980 Statiana
395 947 538 981 nemo
563 945 712 978 sanus
737 929 947 977 dubitat.
982 945 1093 977 cum
1110 945 1226 977 vero
1251 927 1326 976 bis
1353 929 1458 976 seni
1474 943 1647 976 versus
1673 928 1844 976 amissi

141 1023 246 1056 esse
270 1007 550 1065 videantur,
583 1004 858 1053 similitudo
883 1006 1077 1052 numeri
1108 1020 1208 1052 non
1234 1004 1512 1065 explicatur
1542 1004 1641 1050 nisi
1671 1004 1843 1051 inferi-

141 1098 275 1130 orem
307 1081 416 1129 folii
456 1081 666 1129 alicuius
706 1081 901 1142 partem
941 1079 1210 1128 abscissam
1244 1093 1346 1126 esse
1380 1078 1664 1139 statuimus,
1705 1078 1844 1126 cuius

138 1158 192 1204 in
215 1157 402 1220 pagina
426 1158 563 1204 recta
584 1156 666 1216 10,
691 1155 999 1215 100-105,
1028 1156 1080 1202 111
1107 1169 1282 1202 aversa
1302 1155 1385 1214 10,
1407 1155 1698 1201 112—-117
1727 1153 1843 1201 lecti

139 1233 295 1280 erant.
344 1230 477 1293 quod
510 1231 552 1279 si
582 1232 714 1278 recte
747 1229 1000 1290 sumimus,
1034 1229 1250 1276 duodeni
1281 1230 1481 1276 tantum
1515 1228 1723 1293 singulis
1757 1245 1842 1291 pa-

139 1306 268 1370 ginis
301 1321 472 1355 versus
506 1304 679 1367 scripti
710 1305 916 1352 fuerunt
946 1304 998 1351 in
1037 1305 1304 1366 archetypo
1337 1303 1558 1350 familiae
1592 1322 1637 1350 ω
1671 1305 1760 1350 aut
1790 1305 1844 1351 in

140 1383 246 1429 eius
278 1382 433 1443 patre.
483 1380 571 1443 qui
602 1395 838 1428 numerus
872 1380 1092 1442 cuipiam
1124 1395 1223 1428 non
1250 1379 1372 1427 satis
1397 1394 1607 1442 magnus
1642 1394 1745 1427 esse
1770 1380 1842 1426 vi-

139 1456 330 1517 deatur,
356 1472 453 1519 quo
478 1456 693 1518 paginae
719 1455 1074 1516 compleantur.
1124 1454 1294 1516 itaque
1318 1453 1452 1501 haud
1478 1454 1579 1502 scio
1605 1470 1670 1502 an
1694 1453 1844 1502 liceat

139 1530 360 1580 conicere
384 1531 591 1593 picturis
618 1546 728 1578 eum
754 1529 973 1578 codicem
996 1530 1149 1578 fuisse
1174 1522 1544 1594 illustratum.3)
1594 1529 1842 1590 quomodo

139 1607 309 1653 autem
347 1607 538 1654 factum
579 1606 666 1665 sit,
698 1606 756 1652 ut
785 1605 839 1652 in
872 1605 1114 1666 quosdam
1146 1603 1337 1652 codices
1371 1619 1398 1659 ς
1437 1606 1519 1666 10,
1550 1605 1839 1652 100--103

138 1682 327 1743 recepti
349 1681 464 1741 sint,
497 1679 707 1728 totidem
740 1681 794 1726 in
819 1679 977 1727 altera
1003 1680 1185 1727 lacuna
1217 1679 1270 1726 in
1296 1678 1461 1727 codice
1489 1677 1701 1742 Collegii
1726 1677 1842 1726 Cor-

138 1755 272 1818 poris
308 1755 493 1803 Christi
525 1753 818 1803 Oxoniensis
848 1753 1181 1815 inveniantur,
1215 1770 1314 1802 non
1348 1753 1565 1815 expedio.
1623 1756 1753 1801 certe
1780 1753 1843 1801 ad

139 1832 304 1893 ipsum
340 1830 556 1878 codicem
589 1829 776 1877 Iuliani
807 1828 884 1876 illi
915 1845 1085 1877 versus
1118 1845 1216 1876 non
1248 1827 1469 1876 redeunt.
1526 1830 1843 1876 consentiunt

139 1907 269 1953 enim
294 1921 406 1953 cum
431 1908 474 1952 P
498 1905 550 1952 in
575 1919 737 1952 errore
762 1903 971 1952 insulari
996 1905 1243 1966 scriptura
1269 1903 1463 1952 effecto:
1501 1906 1583 1966 10,
1613 1905 1715 1952 103
1751 1919 1841 1966 pro

137 1981 450 2040 Martiqenae
479 1980 533 2027 in
565 1983 609 2027 P
640 1978 827 2043 legitur
856 1981 1162 2040 martiyerae,
1194 1978 1246 2026 in
1279 1995 1306 2033 ς
1343 1980 1430 2026 aut
1460 1980 1721 2039 martiyero
1755 1980 1843 2026 aut

137 2054 408 2116 mulciyero.
455 2055 549 2103 hoc
571 2055 692 2117 quin
712 2053 1093 2116 interpolationi
1117 2054 1368 2114 debeatur,
1394 2069 1491 2101 non
1518 2055 1594 2102 est
1619 2053 1840 2102 dubium.

248 2130 453 2193 longum
495 2131 570 2176 est
609 2132 777 2177 autem
816 2146 1091 2193 numerare,
1133 2130 1258 2191 quot
1288 2128 1411 2177 locis
1445 2147 1491 2176 ω
1525 2144 1555 2175 a
1587 2128 1839 2176 Puteaneo

137 2204 348 2253 recedat.
411 2203 583 2267 itaque
617 2203 864 2266 quaedam
896 2203 1125 2267 eligenda
1166 2205 1295 2251 sunt.
1360 2206 1510 2266 atque
1551 2219 1609 2250 ea
1640 2204 1839 2265 potissi-

138 2296 273 2327 mum
314 2278 534 2327 animum
575 2278 878 2327 advertenda
918 2281 1102 2340 censui,
1143 2278 1228 2326 ubi
1261 2278 1454 2342 vulgati
1496 2277 1686 2326 codices
1728 2294 1840 2325 con-

138 2353 360 2403 sentiunt
391 2355 445 2401 in
475 2353 775 2402 lectionibus
817 2353 995 2415 quibus
1029 2368 1200 2401 versus
1234 2353 1440 2400 deletur.
1489 2353 1636 2415 plura
1662 2355 1705 2401 si
1730 2355 1839 2415 quis

138 2430 455 2491 quaesiverit,
490 2428 637 2476 adeat
669 2430 966 2489 apparatum
999 2429 1240 2476 criticum.
1661 2442 1664 2446 ·

258 2543 300 2598 1)
332 2542 497 2585 harum
518 2541 721 2585 omnium
735 2541 892 2585 seriem
903 2542 1176 2596 fabularum
1197 2542 1249 2585 in
1270 2546 1537 2599 aryumento
1555 2541 1839 2598 diyessimus.

259 2602 302 2657 2)
337 2600 392 2644 cf.
428 2600 600 2644 Archiv
639 2600 714 2643 fiir
753 2599 834 2644 lat.
869 2600 1245 2658 Lexikographie
1280 2606 1334 2644 15
1368 2602 1519 2657 (1907)
1555 2616 1596 2657 p.
1618 2605 1717 2644 261.
1784 2600 1840 2643 de

140 2659 259 2704 sexti
291 2659 400 2704 libri
440 2661 716 2717 argumento
756 2660 882 2716 quod
922 2661 969 2704 111
1010 2660 1349 2705 recentioribus
1385 2661 1571 2704 tantum
1603 2659 1737 2704 libris
1770 2660 1836 2703 in-

140 2719 335 2775 venitur,
367 2719 565 2764 forsitan
596 2720 817 2764 haeseris.

264 2781 307 2836 3)
340 2779 555 2836 picturae
580 2793 636 2823 ex
660 2779 900 2824 codicibus
925 2779 1258 2837 superstitibus
1283 2779 1332 2823 in
1350 2778 1449 2824 solo
1468 2778 1684 2823 Gudiano
1701 2786 1739 2822 K
1763 2793 1842 2823 ex-

139 2839 280 2883 stant.
321 2853 440 2896 quac
464 2840 623 2883 utrum
648 2839 909 2895 antiquitus
933 2840 1138 2884 traditae
1164 2839 1259 2884 sint
1283 2854 1343 2884 an
1366 2839 1665 2896 impudenter
1689 2839 1839 2894 fictae,

139 2912 244 2942 cum
285 2898 492 2943 codicem
532 2898 634 2956 ipse
672 2913 766 2943 non
796 2899 1017 2954 viderim,
1050 2900 1221 2944 nescio.
1287 2900 1367 2943 sed
1401 2899 1629 2945 Ricardus
1662 2899 1841 2959 Biirger

138 2957 430 3014 ineptissime
462 2972 540 3004 eas
573 2957 763 3003 effectas
793 2959 911 3003 mihi
944 2959 1144 3016 scripsit.
