2066 3178
673 67 957 113 EDITORIS
989 68 1334 114 PRAEFATIO
1748 70 1855 114 XIII

147 212 414 272 postquam
445 209 790 258 Kohlmannus
824 226 880 258 eo
912 211 967 259 in
989 209 1268 259 Achilleide
1292 211 1592 260 recensenda
1615 227 1733 260 usus
1766 214 1854 276 est,

148 284 408 348 quaedam,
431 284 516 333 sed
536 301 716 347 parum
737 284 885 333 utilia
901 284 1107 334 Carolus
1123 285 1304 334 Wotke
1323 287 1552 349 exposuit
1566 279 1620 353 ¹),
1645 288 1734 350 qui
1755 287 1856 350 pri-

147 376 286 407 mum
324 361 524 407 tantum
561 359 745 407 librum
777 361 1071 409 contulerat.
1129 376 1220 424 ego
1255 377 1452 423 quoque
1485 361 1718 423 codicem,
1749 361 1854 410 Mo-

147 434 380 483 nachium
410 434 536 482 mihi
566 435 771 483 missum
794 436 848 482 in
882 434 1072 483 edenda
1095 434 1374 484 Achilleide
1405 435 1612 484 adhibui
1643 452 1855 499 eumque

148 508 386 572 descripsi
410 509 464 557 in
487 509 798 570 praefatione
825 511 930 557 eius
955 509 1189 558 editionis
1206 527 1251 572 p.
1267 510 1444 560 XXIV.
1481 527 1581 573 qua
1599 511 1856 560 occasione

149 583 301 632 etiam
320 583 624 631 Thebaidem
649 585 840 632 excussi
864 586 1074 632 exeunte
1093 600 1222 633 anno
1245 587 1388 634 1900
1407 588 1457 633 et
1473 587 1675 634 ineunte
1698 587 1856 634 1901.

147 674 264 707 usus
298 660 372 706 est
404 658 576 707 eodem
609 657 882 707 Garrodius
916 676 974 706 ex
1007 660 1274 708 collatione
1306 659 1494 708 Plateri
1527 662 1690 711 amici.

260 733 387 781 liber
412 733 501 796 qui
525 736 725 795 praeter
749 734 1056 782 Thebaidem
1081 736 1232 782 etiam
1257 734 1589 783 Achilleidem
1615 736 1857 799 complec-

147 808 286 870 titur,
320 824 350 856 a
382 810 621 870 quattuor
644 809 864 870 librariis
890 809 1087 858 saeculo
1111 809 1157 857 X
1190 811 1423 859 exaratus
1449 812 1525 859 est
1554 837 1616 843 —
1647 810 1857 875 singulis

149 898 239 930 sua
271 882 504 931 distribui
543 883 574 930 1.
608 884 640 930 l.
676 911 745 916 —
779 887 980 945 praeter
1019 885 1368 947 supplementa
1408 886 1657 948 quaedam
1696 886 1856 934 multo

148 959 277 1019 post,
310 960 441 1006 certe
473 973 573 1006 non
593 959 721 1006 -ante
754 959 1003 1007 saeculum
1029 959 1155 1007 XIII
1187 959 1373 1008 addita.
1419 976 1630 1022 quorum
1663 961 1858 1009 ambitu

149 1031 522 1080 demonstratur
560 1033 611 1080 in
654 1033 924 1095 exemplari
964 1034 1148 1083 codicis
1187 1034 1402 1083 tricenos
1433 1050 1604 1084 versus
1646 1036 1858 1099 singulis

147 1106 348 1170 paginis
373 1107 610 1169 extitisse,
636 1109 690 1155 in
717 1108 994 1157 Achilleide
1019 1110 1236 1157 tricenos
1261 1109 1419 1158 binos.
1453 1110 1635 1172 quibus
1661 1112 1855 1173 supple-

147 1181 330 1229 mentis
363 1181 590 1230 addenda
616 1198 721 1231 esse
748 1182 897 1231 Theb.
928 1186 1011 1244 12,
1032 1185 1310 1232 236—295
1338 1188 1390 1232 et
1420 1185 1502 1247 12,
1524 1178 1858 1252 716—7752)

148 1257 282 1304 recte
322 1258 518 1305 monuit
559 1256 845 1306 Gar-rodius.
910 1258 1090 1321 quibus
1131 1259 1190 1307 de
1232 1260 1605 1322 supplementis,
1639 1277 1768 1322 quae
1801 1277 1860 1309 ex

148 1330 276 1380 libro
303 1330 500 1380 infimae
532 1335 682 1380 notae
714 1333 876 1395 petita
901 1335 1031 1395 sunt,
1065 1350 1155 1398 ego
1189 1333 1408 1382 codicem
1434 1339 1484 1390 Q
1515 1351 1616 1384 non
1639 1335 1859 1397 laudavi,

150 1422 211 1452 ne
245 1405 442 1454 diversa
475 1407 904 1471 coniungerentur.
953 1409 1124 1470 itaque
1158 1408 1291 1471 quod
1324 1409 1475 1458 codex
1507 1409 1612 1472 ipse
1645 1411 1860 1458 tricenos

149 1480 251 1528 fere
275 1497 445 1530 versus
478 1481 531 1529 in
564 1482 772 1546 singulis
810 1483 1009 1546 paginis
1052 1483 1264 1544 exhibet,
1289 1484 1352 1532 ad
1386 1485 1637 1547 exemplar
1669 1500 1861 1534 accom-

150 1555 409 1603 modatum
442 1559 529 1604 est.
578 1560 755 1619 poetae
787 1574 967 1606 nomen
998 1559 1052 1605 in
1084 1558 1259 1620 primis
1291 1559 1452 1607 tribus
1486 1559 1859 1622 subscriptioni-

149 1629 242 1677 bus
275 1630 462 1694 legitur
491 1632 585 1679 hac
617 1632 801 1680 forma:
833 1632 1090 1681 PAPINII
1116 1658 1125 1667 ·
1154 1632 1374 1682 STACH
1398 1659 1408 1668 ·
1435 1634 1823 1683 THEBAIDOS
1849 1660 1858 1669 ·

149 1703 261 1752 LIB
282 1730 290 1738 ·
315 1705 342 1752 I
367 1705 676 1755 EXPLICIT
712 1710 761 1754 et
794 1706 899 1756 sim.
933 1707 1032 1755 nisi
1065 1708 1198 1770 quod
1229 1707 1282 1756 in
1314 1710 1467 1757 tertia
1500 1708 1860 1771 subscriptione

104 1819 115 1834 ,
151 1778 463 1827 ΡΑΜΡΙΝΙΙ
487 1781 729 1843 scriptum
757 1783 832 1829 est
864 1784 915 1829 et
940 1782 993 1830 in
1018 1783 1226 1832 alterius
1253 1782 1537 1831 SVRSVLI
1562 1800 1806 1848 agnomen
1833 1801 1862 1832 a

151 1854 424 1902 recentiore
456 1871 612 1904 manu
644 1858 900 1905 insertum.
941 1858 994 1904 in
1026 1857 1234 1919 reliquis
1268 1860 1433 1906 autem
1460 1858 1602 1906 libris
1627 1859 1756 1907 nude
1783 1876 1860 1907 ex-

152 1930 275 1976 stat:
292 1929 1194 1988 EXPLICIT-LIBER-QVARTVS.
1220 1948 1279 1980 ac
1302 1948 1363 1980 ne
1389 1934 1499 1981 tota
1517 1933 1717 1995 quidem
1735 1934 1860 1982 The-

150 2002 297 2051 baide
331 2005 556 2053 confecta
589 2005 889 2068 subscriptio
923 2006 1095 2055 addita
1120 2008 1209 2069 est,
1235 2007 1322 2055 sed
1347 2007 1667 2070 subsequitur
1690 2009 1861 2057 Achil-

152 2077 296 2126 leidis
312 2078 519 2127 titulus:
538 2079 758 2128 STAOII
772 2106 781 2115 ·
797 2080 1107 2130 PAMPINII
1123 2108 1132 2116 ·
1150 2081 1433 2130 SVRSVLI
1449 2108 1457 2117 ·
1474 2082 1676 2131 LIBER
1695 2077 1698 2151 l
1728 2083 1861 2131 PRI-

152 2151 288 2199 MVS
321 2152 770 2203 ACHILLEIDOS
802 2154 1069 2204 INCIPIT.
1133 2156 1430 2219 subscriptio
1471 2173 1561 2205 nec
1591 2159 1743 2220 primi
1774 2174 1862 2206 nec

155 2227 361 2276 alterius
392 2228 510 2276 libri
542 2232 717 2278 exstat.
758 2230 930 2292 itaque
963 2247 1074 2278 cum
1105 2233 1158 2278 in
1182 2231 1478 2280 Achilleidis
1503 2232 1653 2281 titulo
1678 2234 1861 2281 falsum

155 2317 398 2366 agnomen
430 2304 641 2367 legatur,
675 2321 772 2367 quo
807 2305 1074 2354 Thebaidis
1107 2306 1342 2355 librarius
1375 2306 1640 2370 abstinuit,
1674 2325 1772 2357 non
1806 2325 1862 2356 ex

155 2376 327 2425 eodem
351 2377 487 2426 fonte
511 2381 779 2441 utrumque
801 2395 924 2441 opus
948 2396 1177 2430 manasse
1200 2384 1583 2430 consentaneum
1609 2385 1696 2444 est,
1720 2399 1860 2446 prae-

156 2452 326 2498 sertim
351 2467 465 2500 cum
488 2453 634 2502 initio
659 2453 775 2501 libri
801 2456 1045 2517 scriptum
1071 2455 1158 2504 sit:
1195 2455 1417 2505 Continet
1439 2456 1650 2506 Statiwm
1665 2461 1862 2518 poetam

155 2526 421 2574 secumdum
446 2527 568 2574 XII
593 2527 741 2577 libros
774 2530 890 2577 eius,

269 2599 502 2649 librarius
526 2602 661 2650 haud
684 2619 798 2651 raro
825 2619 952 2665 quae
977 2620 1237 2667 perperam
1262 2607 1543 2668 scripserat,
1568 2605 1675 2668 ipse
1701 2622 1862 2654 emen-

158 2673 311 2724 davit.
385 2678 644 2737 praeterea
687 2678 729 2726 is
778 2679 865 2740 qui
911 2679 1116 2728 lacunas
1163 2680 1277 2728 illas
1327 2681 1566 2743 explevit,
1614 2681 1766 2729 etiam
1810 2683 1863 2729 in

280 2787 321 2843 1)
354 2786 532 2831 Eranos
557 2788 937 2834 Vindobonensis
966 2795 1079 2834 1893
1105 2806 1150 2848 p.
1178 2796 1261 2835 211
1282 2806 1348 2847 sq.

278 2847 322 2897 2)
355 2860 447 2890 non
489 2852 574 2891 774
615 2849 737 2892 sicut
778 2848 1032 2894 Garrodius
1080 2851 1226 2907 praef.
1268 2867 1313 2908 p.
1346 2851 1423 2896 IX.
1502 2852 1713 2909 scripsit,
1752 2866 1860 2896 nam

159 2906 267 2948 ante
295 2910 364 2962 12,
384 2909 468 2950 774
493 2906 670 2965 legitur
695 2914 763 2965 12,
784 2913 882 2954 775.
