2040 3164
216 85 322 138 398
424 93 459 100 ““
821 85 872 130 Ρ.
903 85 1109 130 PAPINI
1139 84 1314 130 STA'I'I

215 223 416 274 aerium
458 222 562 275 sibi
601 225 782 292 portat
818 222 934 292 iter,
972 225 1240 293 longeque
1279 227 1548 280 timendus

215 297 536 349 multifidam
576 315 832 366 quercum
870 297 1121 368 flagranti
1159 301 1363 353 lumine
1400 301 1600 372 vibrat;

215 389 362 423 arma
398 371 592 424 rubent
631 390 737 424 una
777 372 1055 440 clipeoque
1094 371 1398 428 incenditur
1436 375 1592 447 ignis.

216 444 353 498 ‘hac'
395 446 486 513 ait,
527 445 603 498 ‘in
643 445 869 515 ThebaS‚
906 446 1008 500 hac
1046 464 1131 499 me
1171 449 1320 502 iubet
1358 450 1523 502 ardua
1562 450 1735 504 virtus
1817 463 1903 503 845

212 520 306 588 ire,
345 519 630 593 Menoeceo
674 539 780 588 qua
817 520 1024 573 lubrica
1064 524 1321 594 sanguine
1360 526 1540 578 turris.

214 595 469 663 experiar,
510 594 639 663 quid
679 613 826 648 sacra
865 595 1066 664 iuvent,
1107 616 1175 650 an
1212 597 1379 652 falsus
1418 597 1652 668 Apollo.'

214 667 357 736 dicit,
398 671 450 721 et
489 670 693 722 alterno
735 670 948 739 captiva
986 671 1042 722 in
1081 673 1292 725 moenia
1331 691 1517 744 gressu

215 743 389 813 surgit
428 762 614 796 ovans:
656 744 827 812 qualis
866 744 1056 797 mediis
1096 747 1152 798 in
1190 747 1425 800 nubibus
1466 748 1649 800 aether

211 817 348 870 vidit
386 816 624 884 Aloidas,
665 835 786 871 cum
828 824 1086 872 cresceret
1124 821 1273 889 inpia
1310 823 1469 874 tellus
1818 835 1904 875 850

212 892 526 960 despectura
565 893 690 946 deos
731 912 829 947 nec
868 884 1042 947 adhuc
1080 897 1292 948 inmane
1331 897 1536 949 veniret

211 966 399 1019 Pelion
438 970 491 1019 et
529 967 798 1036 trepidum
840 967 945 1020 iam
985 971 1230 1038 tangeret
1270 968 1404 1023 Ossa
1442 970 1753 1023 Tonantem.

322 1044 452 1094 tunc
493 1059 616 1094 vero
657 1042 875 1095 attoniti
914 1043 1148 1096 fatorum
1188 1043 1244 1095 in
1286 1045 1498 1097 cardine
1539 1063 1762 1113 summO,

212 1132 307 1167 ceu
347 1134 595 1184 suprema
632 1118 747 1170 lues
787 1116 908 1169 urbi
947 1117 1261 1188 facibusque
1302 1119 1536 1172 cruentis

212 1193 502 1258 aequatura
541 1192 655 1242 solo
697 1194 868 1243 turres
907 1191 1131 1244 Bellona
1172 1193 1387 1262 subiret,
1817 1207 1902 1246 855

212 1263 461 1317 omnibus
502 1283 528 1316 e
568 1265 723 1318 tectis
764 1266 1009 1319 certatim
1050 1266 1289 1337 ingentia
1330 1286 1455 1321 saxa

211 1337 511 1407 roboraque
552 1343 605 1391 et
645 1340 846 1392 validas
886 1340 1080 1394 fundae
1121 1341 1358 1395 Balearis
1399 1342 1634 1396 habenas
1677 1375 1742 1381 ——

119 1461 121 1464 ,
209 1431 333 1464 nam
373 1413 560 1466 iaculis
601 1416 852 1484 caeloque
892 1416 1042 1486 vagis
1084 1435 1203 1485 spes
1245 1416 1383 1469 unde
1424 1417 1674 1488 sagittis?
1714 1449 1783 1455 —

212 1505 392 1539 verum
435 1488 576 1539 avidi
617 1492 670 1542 et
709 1492 977 1541 tormenta
1016 1493 1196 1542 rotant
1235 1494 1289 1543 et
1327 1491 1560 1544 molibus
1599 1496 1846 1562 urguent.

211 1562 302 1614 ille
342 1579 440 1614 nec
479 1562 703 1632 ingestis
744 1581 840 1615 nec
879 1567 1031 1634 terga
1071 1566 1418 1633 sequentibus
1458 1585 1711 1635 umquam
1816 1580 1902 1619 860

211 1635 509 1689 detrahitur
547 1638 683 1705 telis,
722 1656 997 1707 vacuoque
1038 1639 1135 1692 sub
1177 1657 1296 1692 aere
1335 1641 1571 1709 pendens

209 1711 370 1779 plana
409 1712 556 1764 velut
596 1715 737 1764 terra
777 1715 954 1765 certus
994 1713 1224 1783 vestigia
1263 1714 1410 1784 figat,

209 1785 382 1838 tendit
421 1788 474 1837 et
513 1786 720 1857 ingenti
761 1786 906 1840 subit
947 1791 1257 1840 occurrente
1296 1789 1470 1842 ruina:

1268 1877 1303 1908 cl

329 1922 414 1962 843
446 1918 622 1961 lumine
655 1933 722 1962 w:
762 1917 959 1962 fulmine
991 1923 1023 1961 P
1145 1923 1231 1962 844
1264 1920 1495 1976 dipeoque
1526 1925 1564 1963 fr
1685 1925 1770 1964 845
1802 1921 1902 1965 Hac

211 1991 355 2050 (Hagc
390 1995 439 2047 Q)
561 1992 648 2036 hac
674 2007 740 2037 w:
773 1992 902 2037 Haec
929 2028 966 2037 ..
993 1993 1110 2038 haec
1134 1998 1166 2036 P
1265 1994 1397 2039 iubet
1427 2009 1493 2039 w:
1526 1983 1657 2039 mnrit
1688 1996 1903 2052 (voluitne

209 2051 402 2109 vincit?)
431 2051 486 2094 1³¹
518 2053 656 2109 (quod
678 2057 840 2144 nagzsmln
864 2067 919 2097 ex
943 2053 1126 2098 lectione
1157 2052 1300 2111 iuvet)
1399 2059 1483 2097 847
1517 2054 1679 2099 iuvant
1709 2058 1817 2103 Bor

787 2122 808 2145 8
827 2122 890 2146 SUB

209 2155 355 2199 falsus
389 2154 547 2212 (fanus
579 2158 613 2212 f)
647 2171 713 2199 w:
755 2156 882 2200 fanis
914 2162 985 2213 Ρη
1028 2158 1220 2212 fortasse
1252 2157 1377 2202 fanis
1410 2159 1716 2213 retinendum,
1752 2159 1821 2203 ita
1851 2164 1904 2204 ut
1988 2208 1991 2210 ,

201 2222 308 2271 post
338 2216 499 2260 iuvent
521 2229 679 2260 sensus
701 2217 896 2271 finiatwr
1002 2220 1086 2260 848
1112 2215 1239 2260 Dicit
1263 2222 1371 2261 Pw:
1403 2216 1535 2261 Dixit
1559 2231 1586 2266 ς
1678 2222 1761 2261 849
1788 2230 1900 2273 qua-

210 2284 268 2362 lies
301 2319 386 2363 12⁰:
421 2319 582 2375 quales
614 2324 647 2362 P
754 2324 840 2363 852
873 2301 1092 2377 tangerfit
1123 2321 1178 2363 12¹
1284 2325 1368 2366 853
1401 2321 1520 2365 Tum
1552 2325 1587 2370 Q
1684 2326 1769 2365 854
1794 2336 1901 2378 sup-

209 2392 371 2435 prema
402 2382 466 2421 Bs
553 2379 679 2422 luces
712 2383 764 2423 L:
807 2378 906 2423 dies
939 2381 1196 2436 Bentleius‘,
1227 2381 1305 2426 sed
1336 2381 1392 2435 cf.
1419 2395 1451 2426 e,
1477 2396 1516 2438 9.
1543 2381 1722 2426 Lucan.
1747 2385 1791 2435 2,
1808 2385 1902 2427 200
1988 2443 1991 2446 Δ

298 2438 403 2482 urbi
443 2440 518 2495 (se.
553 2439 820 2496 advenisset)
852 2444 904 2483 P:
946 2439 1109 2484 urbem
1150 2442 1223 2496 (sc.
1256 2441 1442 2494 subiret)
1475 2455 1521 2484 ω
1636 2438 1720 2484 856
1755 2453 1779 2484 e
1809 2455 1844 2485 s.
1872 2442 1899 2486 l.

1354 2501 1502 2533 validas
1667 2502 1844 2541 gravidas

209 2547 280 2585 Pe:
316 2544 364 2585 et
393 2546 456 2584 m
574 2546 656 2585 857
686 2542 866 2586 validas
891 2548 943 2587 P:
971 2544 1189 2601 gravidas
1215 2559 1281 2587 ωε
1309 2545 1525 2601 gravidas
1553 2543 1633 2589 N2:
1658 2544 1841 2589 validas
1865 2550 1900 2587 D

298 2603 470 2675 abenas
495 2631 553 2673 Β1
643 2635 731 2723 8518Ῑ
761 2632 857 2675 Iam
882 2647 944 2686 με
978 2632 1083 2675 Non
1116 2647 1171 2677 σω
1200 2632 1321 2676 Nam
1354 2631 1421 2675 L⁰
1516 2632 1641 2677 unde
1672 2637 1773 2676 Pw:
1806 2646 1900 2676 una

648 2701 702 2723 nu
735 2700 757 2723 81

209 2734 358 2777 BLr¹:
392 2733 522 2777 nulla
553 2739 599 2779 b:
640 2735 765 2779 unde
798 2741 832 2778 D
962 2739 1047 2779 859
1083 2707 1190 2780 aridi
1220 2735 1347 2779 P¹1.⁰
1446 2738 1493 2780 et
1524 2751 1589 2781 w:
1623 2751 1706 2781 om.
1740 2741 1810 2784 Ρς

208 2824 368 2866 rotant
405 2837 461 2867 σω
499 2837 578 2866 no·
617 2839 660 2878 μ
757 2826 927 2881 urgent
965 2830 997 2867 P
1125 2829 1211 2868 860
1250 2806 1455 2883 ingeritis
1493 2824 1550 2868 P¹
1647 2824 1742 2869 tela
1782 2831 1809 2867 c

210 2915 295 2954 862
313 2910 458 2956 Plena
473 2916 557 2954 DN
648 2916 733 2957 863
752 2913 879 2957 subit
895 2928 962 2957 w:
982 2913 1136 2957 subito
1154 2918 1187 2956 P
1259 2895 1504 2958 occur²ente
1520 2912 1561 2956 1²
1634 2927 1686 2956 ru
1686 2912 1818 2971 gina
1834 2913 1899 2956 10⁰
