2066 3178
660 69 944 116 EDITORIS
978 69 1324 116 PRAEFATIO
1758 73 1845 119 XV

137 213 292 263 codex
321 212 459 262 Petri
491 212 734 275 Danielis,
766 214 905 262 cuius
945 229 1125 262 nomen
1156 214 1210 262 in
1242 213 1374 262 calce
1407 214 1600 278 primae
1631 216 1847 279 paginae

136 289 412 338 invenitur:
436 289 570 336 Petri
586 288 817 338 Danielis
833 286 1001 338 Aurel.
1024 288 1131 338 156
1137 282 1230 355 4¹)
1256 289 1386 338 unde
1411 305 1528 339 vero
1553 289 1639 338 ille
1663 290 1847 338 librum

138 363 400 427 acceperit,
432 379 491 411 ex
515 365 636 411 nota
659 363 964 427 perspicitur
989 380 1116 427 quae
1140 365 1225 413 fol.
1256 366 1313 413 lv
1338 365 1388 413 et
1414 366 1467 413 2ΙΓ
1498 380 1692 414 summa
1716 381 1846 414 mar-

139 439 254 503 gine
279 437 466 501 scripta
491 440 585 487 est:
616 439 746 488 hunc
768 438 949 488 librum
973 440 1173 489 contulit
1197 475 1326 488 .....
1362 440 1546 489 bardus
1569 441 1848 489 Monachus

137 514 280 563 Patri
295 514 570 563 Benedicta.
604 528 744 573 quem
762 515 808 562 si
830 516 938 574 quis
957 515 1259 576 subripuerit
1276 515 1423 563 anath
1431 529 1538 564 ema
1557 516 1632 563 sit.
1668 515 1847 578 quibus

139 605 197 638 ex
221 588 384 638 verbis
410 589 726 653 cognoscitur
745 588 962 637 codicem
985 589 1238 653 quondam
1263 589 1561 652 pertinuisse
1583 590 1646 639 ad
1670 590 1847 638 biblio-

137 665 332 712 thecam
349 663 606 712 cuiusdam
620 665 910 713 monasterii
924 664 1364 713 Benedictinorum
1382 681 1535 727 prope
1548 664 1848 714 Aurelianos

139 739 247 801 siti,
279 738 409 787 unde
442 739 633 788 codices
658 738 884 787 Danielis
917 740 1181 802 plerosque
1214 740 1474 802 subreptos
1507 756 1611 789 esse
1637 742 1846 789 constat.

250 821 485 870 librarius
509 823 616 884 ipse
635 815 745 889 (b1)
772 822 933 886 magis
957 823 1190 886 religiose
1216 839 1367 885 quam
1391 822 1664 886 prudenter
1686 825 1848 872 trans-

138 895 259 945 tulit
297 896 570 959 exemplar,
610 896 683 944 ita
722 899 779 944 ut
818 913 889 945 ex.
924 914 995 961 gr.
1035 913 1147 946 cum
1181 897 1331 946 Theb.
1367 899 1414 959 8,
1442 899 1547 946 378
1588 901 1849 959 nriyroque

140 971 392 1033 scriberet,
424 973 474 1019 et
497 971 790 1034 primariam
823 973 1119 1035 exemplaris
1145 973 1412 1022 lectionem
1437 975 1487 1021 et
1512 976 1848 1023 correcturam

140 1049 467 1095 conservaret.
530 1063 647 1095 nam
678 1047 806 1095 hanc
838 1048 942 1096 eius
974 1048 1246 1113 imaginem
1278 1049 1430 1097 fuisse
1463 1051 1849 1098 consentaneum

266 1122 292 1145 n

140 1153 236 1201 est:
266 1153 505 1212 riqroque.
561 1151 852 1214 plerumque
886 1155 1054 1202 autem
1087 1169 1195 1202 cum
1223 1153 1283 1200 de
1308 1169 1429 1202 vera
1459 1153 1672 1203 lectione
1706 1153 1847 1202 dubi-

139 1228 285 1287 taret,
317 1227 538 1289 spatium
561 1243 775 1276 vacuum
798 1227 1016 1291 reliquit.
1075 1245 1198 1290 quas
1230 1229 1436 1277 lacunas
1469 1232 1716 1278 corrector
1741 1231 1847 1291 qui-

140 1300 256 1350 dam
289 1294 396 1369 (b2)
430 1303 670 1365 explevit,
711 1301 878 1351 codice
911 1302 1150 1366 adhibito,
1191 1304 1402 1353 fortasse
1433 1306 1543 1366 ipso
1578 1304 1849 1367 exemplari

141 1403 214 1410 —
244 1392 364 1424 nam
394 1393 564 1426 versus
598 1377 804 1427 omissos
844 1378 980 1426 haud
1021 1380 1174 1427 semel
1204 1381 1336 1428 recte
1368 1379 1638 1442 supplevit,
1671 1396 1742 1428 ex.
1776 1397 1847 1445 gr.

141 1451 292 1500 Theb.
314 1452 362 1513 5,
380 1453 503 1501 405.
531 1453 579 1514 5,
597 1453 720 1502 467.
749 1453 797 1514 6,
818 1454 921 1503 102
944 1453 1006 1501 al.
1031 1481 1113 1515 —,
1137 1456 1307 1510 tamen
1331 1469 1479 1517 saepe
1502 1454 1849 1518 supplementa

140 1527 325 1575 temere
358 1526 566 1589 addidit,
597 1529 660 1596 cf.

140 1615 292 1664 Theb.
313 1618 362 1678 4,
382 1619 489 1666 230
522 1619 705 1667 animis
735 1635 829 1669 om.
861 1612 925 1667 bl
955 1620 1007 1668 in
1039 1620 1156 1670 lac.:
1187 1621 1312 1669 viris
1343 1619 1455 1669 add.
1479 1613 1543 1669 b2

314 1693 362 1755 5,
382 1693 449 1741 59
475 1693 634 1742 Nulla
650 1695 769 1742 deae
783 1692 920 1743 sedes
935 1698 1091 1744 movet
1105 1698 1147 1744 et
1163 1696 1389 1744 caelestia
1405 1696 1652 1756 quondam
1677 1711 1770 1743 om.
1788 1688 1848 1742 b¹

139 1782 230 1830 pro
262 1783 361 1830 quo
393 1783 540 1816 versu
569 1762 632 1816 b2
664 1769 878 1818 addidit:

522 1843 797 1906 Indignata
828 1845 920 1894 dea
953 1848 1034 1901 est,
1067 1849 1223 1894 movet
1254 1847 1297 1894 et
1327 1844 1518 1894 celestia
1549 1845 1809 1905 quondam.

315 1919 362 1980 6,
383 1919 487 1966 196
521 1920 688 1968 tenuia
720 1936 813 1967 om.
847 1914 929 1971 bl:
954 1922 1103 1981 pueri
1134 1920 1245 1968 add.
1277 1913 1342 1969 b2

316 1993 364 2055 6,
384 1994 489 2041 212
522 1995 759 2043 mulciber
789 2010 884 2043 om.
917 1987 1003 2044 bl:
1035 1996 1138 2044 iam
1168 2009 1320 2056 royus
1352 1995 1462 2044 add.
1496 1988 1558 2044 b2

316 2069 364 2130 6,
383 2068 488 2116 358
514 2069 866 2130 phleyramque
883 2086 977 2119 om.
994 2065 1077 2119 b¹:
1093 2071 1455 2132 phleyraeaque
1472 2073 1636 2119 castra
1660 2070 1771 2118 add.
1788 2064 1852 2119 b²

316 2143 363 2204 6,
384 2142 487 2190 657
523 2158 690 2193 cervas
722 2161 816 2194 om.
849 2138 932 2194 b¹:
965 2146 1192 2194 dammas
1224 2145 1335 2194 add.
1368 2138 1430 2194 b2

318 2219 364 2278 7,
386 2219 489 2267 149
521 2233 622 2267 non
652 2223 782 2268 certa
815 2236 908 2270 om.
942 2212 1025 2269 bl:
1055 2236 1157 2269 non
1185 2222 1335 2269 mitra
1367 2220 1478 2269 add.
1511 2213 1573 2270 b2

316 2294 364 2352 8,
386 2294 488 2341 197
523 2290 763 2360 tene]don
803 2297 1111 2356 cirrhamque
1151 2312 1244 2345 om.
1286 2290 1369 2344 b‘1:
1411 2297 1530 2344 -don
1562 2295 1851 2357 delphosque

143 2364 253 2415 add.
284 2360 359 2417 b².
408 2368 537 2416 unde
571 2372 783 2432 apparet
814 2374 1141 2420 correctorem
1166 2373 1288 2421 satis
1314 2371 1514 2434 quidem
1540 2371 1741 2421 doctum
1773 2371 1848 2418 fu-

140 2442 253 2499 isse,
287 2442 373 2491 sed
404 2443 552 2493 nimis
584 2444 847 2495 indulsisse
881 2446 1103 2496 arbitri0.

264 2630 306 2686 1)
339 2629 467 2677 idem
506 2632 758 2691 adscripsit
797 2634 858 2678 ad
896 2634 1043 2679 Theb.
1070 2639 1112 2690 2,
1138 2638 1194 2679 36
1235 2635 1419 2680 Desunt
1459 2640 1658 2691 quatuor
1696 2644 1851 2678 versus

143 2690 330 2748 (nempe
362 2699 403 2748 2,
430 2695 645 2749 37—40);
678 2695 824 2740 Theb.
852 2700 894 2750 6,
919 2699 1006 2740 502
1045 2696 1342 2753 Increpitans
1380 2697 1667 2752 eschetonque
1708 2703 1850 2749 supra

144 2752 330 2810 scriptis
354 2755 560 2800 numeris
583 2759 616 2801 2
639 2760 664 2799 1
698 2756 1052 2811 transponenda
1073 2755 1219 2799 verba
1243 2755 1484 2799 indicavit.
1526 2753 1679 2799 voluit
1703 2754 1850 2811 igitur

143 2809 260 2870 legi:
275 2815 502 2860 Ascheton
513 2817 893 2872 increpitansque.
915 2815 1117 2871 denique
1134 2814 1183 2858 in
1197 2815 1366 2859 ultima
1379 2814 1659 2859 Achilleidis
1673 2815 1850 2870 pagina

143 2870 314 2917 iterum
338 2873 512 2931 legitur
537 2876 666 2920 Petri
690 2876 909 2920 Danielis
931 2876 1090 2920 Auo-el.
1116 2878 1251 2919 1564.
1279 2875 1338 2919 ab
1364 2875 1530 2919 eodem
1562 2874 1753 2917 additus
1779 2875 1851 2917 est

147 2948 303 2979 versus
327 2936 435 2990 post
450 2934 565 2980 Ach.
584 2939 626 2991 2,
645 2939 730 2979 166
763 2936 901 2980 Awra
922 2935 1024 2980 silet
1039 2936 1218 2991 puppis
1240 2949 1429 2980 currens
1445 2933 1508 2979 ad
1532 2934 1690 2979 littora
1713 2935 1848 2979 venit.
