2132 3152
492 62 529 69 N

244 74 364 118 LXX
761 74 1041 120 EDITORIS
1073 75 1416 121 PRAEFATIO

356 214 440 263 sed
479 215 594 264 nolo
637 216 889 263 cumulare
931 217 1174 279 exempla:
1215 217 1540 266 diffidendum
1580 234 1683 267 esse
1715 219 1936 282 vulgatis

242 289 382 338 libris
414 305 504 337 nec
534 292 701 337 tamen
729 292 913 337 temere
937 290 1082 338 fidem
1117 306 1221 339 esse
1246 291 1523 339 habendam
1548 291 1800 340 Puteaneo
1834 294 1933 341 elu-

242 367 332 411 cet.
395 365 567 425 itaque
599 363 898 426 ubicumque
939 364 1064 412 duae
1101 365 1278 428 stirpes
1313 365 1562 427 differunt,
1592 368 1754 415 utrius
1786 367 1935 416 lectio

240 439 400 501 magis
441 441 560 499 apta
600 438 666 485 sit
705 440 754 486 et
791 440 904 487 usui
946 437 1174 487 Statiano
1223 443 1273 488 et
1319 442 1484 489 sensui
1529 441 1625 489 loci
1669 441 1936 504 diligenter

240 512 587 574 quaerendum.

734 729 998 784 CAPVT
1040 729 1443 794 QVARTVM

725 833 782 876 de
807 833 987 890 origine
1012 833 1228 890 stirpium
1253 850 1298 879 ω
1324 836 1372 878 ct
1394 839 1439 878 P.

349 944 449 992 iam
482 946 524 992 si
556 944 838 1007 quaerimus
873 945 1049 1007 quibus
1082 946 1387 1007 temporibus
1414 962 1573 1008 quave
1598 950 1798 1012 regione
1822 950 1930 998 vul-

236 1021 382 1081 gatus
414 1019 500 1066 ille
526 1021 691 1066 textus
718 1020 1018 1068 constitutus
1045 1020 1124 1081 sit,
1158 1020 1282 1068 duae
1306 1036 1383 1068 res
1407 1022 1542 1069 viam
1567 1022 1929 1084 quodammodo

238 1093 493 1141 ostendere
518 1096 739 1155 possunt.
773 1109 887 1142 nam
904 1094 1130 1142 Alcimus
1147 1094 1328 1143 Avitus
1347 1096 1607 1157 episcopus
1617 1097 1930 1159 Viennensis,

236 1167 323 1229 qui
357 1166 649 1216 Gundebadi
681 1167 811 1231 regis
844 1168 1255 1232 Burgundionum
1295 1169 1519 1231 aequalis
1561 1173 1689 1231 erat,
1723 1172 1930 1221 eandem

234 1241 495 1290 lectionem
528 1241 724 1290 videtur
762 1244 1011 1303 imitatus,
1053 1259 1201 1304 quam
1243 1243 1440 1292 exhibet
1479 1263 1524 1291 ω
1559 1245 1707 1293 Theb.
1747 1247 1794 1307 3,
1821 1247 1926 1294 345

234 1319 276 1363 et
305 1317 428 1375 forte
467 1317 699 1365 verendos
730 1318 928 1365 concilio
958 1320 1105 1377 pater
1135 1319 1238 1378 'ipse
1269 1319 1412 1366 duces
1443 1319 1635 1380 coyebat
1662 1319 1927 1369 Adrastus.

234 1390 291 1438 cf.
326 1390 460 1438 Avit.
488 1406 635 1439 carm.
671 1393 718 1451 6,
739 1392 843 1439 509
884 1392 1114 1439 verendos
1146 1393 1375 1453 reliyione
1405 1407 1553 1440 senes.
1616 1410 1711 1456 quo
1744 1395 1851 1443 loco
1885 1395 1926 1444 si

233 1468 275 1512 P
301 1467 567 1528 genuinam
592 1466 812 1514 servavit
835 1466 1098 1514 lectionem
1131 1468 1369 1515 verendus
1393 1494 1465 1500 —
1492 1483 1588 1528 qua
1622 1468 1680 1516 de
1713 1485 1764 1516 re
1796 1485 1926 1517 nunc

232 1539 354 1586 mihi
395 1538 641 1588 dubitatio
678 1543 848 1588 exorta
888 1543 983 1601 est,
1023 1541 1318 1603 praesertim
1369 1557 1479 1590 cum
1518 1543 1682 1590 minus
1723 1545 1838 1606 apte
1878 1546 1929 1592 et

231 1612 377 1661 duces
403 1614 539 1662 nullo
565 1617 615 1662 et
635 1615 879 1662 Adrastus
913 1614 1104 1663 duobus
1139 1615 1371 1677 epithetis
1401 1616 1568 1664 ornari
1591 1617 1822 1665 videatur
1840 1644 1926 1678 —,

231 1687 452 1736 Alcimus
485 1690 678 1736 textum
703 1689 963 1753 vulgatum
994 1682 1179 1756 legit.¹)
1242 1689 1327 1738 sed
1358 1692 1473 1738 utut
1503 1691 1594 1739 hoc
1626 1691 1733 1739 loco
1765 1707 1842 1739 res
1874 1707 1926 1741 se

230 1761 392 1823 habet,
419 1763 630 1810 alterum
651 1765 813 1811 exstat
838 1766 1201 1827 argumentum,
1226 1764 1356 1826 quod
1376 1765 1545 1813 eodem
1572 1768 1776 1827 spectat.
1812 1765 1924 1813 Sul-

231 1953 341 1992 18.1
377 1949 521 2005 praef.
550 1954 590 2003 6,
630 1952 756 1994 recto
790 1952 918 1994 stant
949 1949 1060 1994 talo.
1122 1949 1238 1994 haec
1279 1950 1546 1994 coniectura
1578 1950 1616 1994 si
1649 1965 1755 1995 vera
1787 1954 1923 2006 esset,

229 2008 267 2052 si
308 2008 503 2053 alteram
543 2009 799 2055 editionem
840 2024 908 2065 w,
949 2009 1148 2054 alteram
1186 2014 1219 2052 P
1258 2009 1524 2065 praeberet,
1565 2010 1631 2055 eis
1671 2010 1802 2066 locis,
1841 2010 1923 2054 ubi

228 2068 382 2125 gravis
408 2069 725 2125 discrepantia
750 2071 820 2112 est
844 2069 966 2113 inter
991 2069 1107 2113 duas
1133 2069 1315 2126 stirpes,
1342 2069 1390 2112 in
1414 2072 1611 2125 utraque
1637 2069 1781 2126 stirpe
1808 2083 1923 2114 sana.

229 2141 454 2184 apparere
480 2142 667 2172 necesse
696 2131 830 2172 esset.
881 2131 1023 2184 atque
1053 2142 1107 2172 ex
1131 2128 1282 2172 tribus
1307 2127 1433 2179 locis,
1461 2129 1631 2184 quibus
1665 2143 1797 2173 suam
1822 2130 1922 2186 opi-

228 2187 414 2231 nionem
445 2187 618 2231 firmari
651 2188 907 2232 arbitratur
939 2187 1206 2241 Garrodius,
1238 2202 1358 2232 unus
1390 2187 1529 2245 plane
1561 2187 1681 2231 nihil
1712 2188 1829 2232 facit
1861 2189 1921 2232 ad

226 2259 337 2291 rem.
401 2246 458 2290 cf.
492 2260 612 2302 quae
637 2247 696 2292 de
722 2253 791 2304 10,
808 2252 895 2291 490
928 2260 1068 2303 supra
1099 2262 1144 2304 p.
1169 2247 1209 2290 X
1228 2262 1293 2303 sq.
1322 2247 1629 2304 exposuimus.
1693 2248 1783 2291 nisi
1815 2248 1922 2304 quis

226 2305 346 2349 forte
380 2319 434 2349 eo
465 2307 761 2363 potissimum
794 2306 896 2351 loco
928 2321 1039 2350 usus
1070 2306 1186 2351 velit
1218 2306 1475 2361 ostendere,
1508 2321 1602 2363 qua
1633 2307 1815 2351 ratione
1844 2306 1920 2351 vel

226 2365 458 2410 maximae
488 2366 740 2410 varietates
772 2365 940 2410 exoriri
971 2365 1222 2422 potuerint.
1277 2379 1362 2411 nec
1393 2365 1498 2422 plus
1530 2365 1690 2410 valent
1728 2366 1788 2410 ad
1821 2366 1920 2411 eius

227 2424 493 2480 opinionem
532 2425 826 2481 probandum
865 2425 1035 2480 reliqui
1075 2426 1180 2470 duo.
1243 2439 1352 2469 nam
1393 2427 1439 2469 et
1469 2430 1511 2480 4,
1534 2430 1618 2470 555
1657 2428 1704 2470 et
1738 2431 1806 2481 10,
1834 2430 1918 2469 134

226 2483 339 2539 quin
371 2483 512 2528 lectio
543 2489 576 2527 P
608 2485 743 2529 unice
774 2497 885 2530 vera
925 2485 1000 2535 sit,
1039 2497 1190 2541 neque
1223 2485 1470 2540 quisquam
1503 2484 1736 2529 dubitavit
1768 2499 1919 2540 neque

224 2544 380 2598 potest
420 2542 639 2588 dubitari.
704 2544 828 2600 quod
868 2557 975 2588 vero
1016 2543 1064 2587 in
1105 2559 1150 2588 ω
1191 2546 1363 2598 exstat,
1410 2543 1549 2600 plane
1590 2543 1793 2588 alienum
1834 2546 1915 2588 est.

226 2602 411 2646 videtur
443 2605 599 2646 autem
633 2606 785 2647 ortum
819 2617 918 2647 esse
950 2617 1085 2647 versu
1118 2617 1145 2646 a
1176 2602 1369 2648 librario
1402 2603 1523 2648 lecto
1558 2605 1605 2647 et
1636 2616 1660 2646 e
1693 2603 1919 2647 memoria

226 2662 314 2704 seri
351 2663 414 2704 to.

318 2677 387 2777 pl)
421 2721 546 2776 quod
578 2720 835 2766 Claudiano
880 2721 1070 2765 Sidonio
1109 2724 1290 2765 textum
1322 2737 1367 2766 ω
1407 2723 1594 2779 praesto
1634 2721 1778 2765 fuisse
1810 2735 1917 2765 con-

224 2779 378 2823 tendit
410 2779 661 2824 Garrodius
694 2781 839 2838 praef.
872 2796 916 2838 p.
942 2781 1040 2836 VH,
1085 2781 1223 2824 velim
1263 2781 1526 2825 accuratius
1566 2795 1670 2824 eum
1708 2779 1916 2824 indicare

226 2838 394 2894 quibus
426 2840 542 2884 haec
575 2840 809 2884 sententia
839 2840 953 2884 locis
986 2839 1177 2884 nitatur.
1242 2853 1349 2883 nam
1382 2840 1597 2896 equidem
1632 2853 1734 2884 eam
1766 2852 1917 2896 neque

222 2897 425 2942 refutare
457 2913 644 2954 possum
676 2913 827 2956 neque
859 2898 1069 2955 probare.
