2132 3152
288 96 410 140 XLII
550 65 559 67 ’
813 94 1094 139 EDIToaIs
1124 93 1468 138 PRAEFATIO

287 238 506 302 vulgatis
523 238 822 286 editionibus
843 251 963 285 casu
979 236 1306 284 constitutum
1326 235 1638 284 tradiderunt
1653 238 1812 299 magis
1830 252 1979 299 quam

286 313 529 361 traditum
553 313 889 360 restituerunt.
936 311 1013 358 cui
1036 310 1310 358 temeritati
1335 310 1483 357 finem
1506 310 1624 369 fecit
1650 308 1768 359 Otto
1786 311 1977 372 Mffller,

287 389 374 450 qui
398 387 495 434 duo
520 403 702 450 genera
723 387 946 434 codicum
965 383 1310 432 Statianorum
1331 384 1613 433 constituit:
1638 384 1846 432 alterum
1873 387 1977 434 solo

286 461 539 510 Puteaneo
559 454 666 527 (P),
691 461 905 508 alterum
931 459 1105 508 ceteris
1130 458 1379 507 codicibus
1407 452 1517 525 (ω),
1544 459 1721 520 quibus
1747 460 1978 524 vulgatus

290 552 379 599 per
411 536 626 583 medium
659 551 836 583 aevum
868 537 1032 582 textus
1065 535 1371 598 propagatus
1405 535 1490 582 est.

397 610 699 674 singularem
739 611 908 658 autem
948 609 1189 656 Puteanei
1227 607 1343 655 libri
1382 608 1719 656 condicionem
1751 609 1866 656 inde
1899 625 1975 657 ex-

284 685 464 747 plicari
502 686 732 747 apparet,
774 683 906 746 quod
945 698 1070 731 unus
1111 683 1330 730 omnium
1369 684 1504 730 recta
1544 681 1625 731 via
1665 683 1917 731 descendit
1949 700 1978 731 a

286 759 450 807 codice
482 759 667 806 Iuliani
704 758 839 806 illius
878 775 922 806 v.
958 773 995 805 c.
1038 758 1175 805 cuius
1214 772 1393 805 nomen
1432 756 1484 804 in
1517 757 1680 819 quinti
1712 757 1977 806 Thebaidis

285 835 401 882 libri
433 833 792 895 subscriptione
825 833 1020 896 legitur.
1063 848 1211 894 quam
1243 831 1539 894 possessoris
1564 831 1978 894 significationem

284 925 440 970 neque
474 908 537 956 ad
568 908 874 955 Puteaneum
905 908 1070 969 ipsum
1109 907 1355 968 pertinere
1395 921 1552 967 neque
1586 905 1649 954 ad
1682 907 1785 954 eius
1820 923 1976 954 exem-

283 984 395 1046 plar
426 985 610 1031 certum
647 986 731 1031 est.
779 997 939 1044 neque
972 983 1102 1029 enim
1133 981 1277 1028 illum
1300 980 1549 1028 Iulianum
1582 982 1697 1042 post
1728 982 1977 1028 saeculum

285 1059 516 1120 quintum
550 1058 637 1104 aut
669 1059 862 1105 sextum
886 1056 1038 1104 fuisse
1071 1057 1179 1117 ipso
1211 1056 1359 1103 titulo
1389 1054 1486 1103 viri
1519 1055 1782 1103 clarissimi
1814 1057 1977 1104 osten-

283 1132 430 1180 ditur.
483 1132 655 1194 itaque
689 1132 901 1179 alterum
934 1147 989 1178 ex
1023 1129 1092 1179 eis
1124 1130 1276 1177 fuisse
1310 1130 1510 1190 conieci,
1544 1131 1632 1191 qui
1660 1128 1975 1191 Symmacho-

282 1223 394 1254 rum
425 1205 771 1254 familiaritate
803 1206 879 1253 usi
912 1198 1087 1269 sunt.¹)
1137 1204 1216 1252 cui
1249 1204 1472 1266 opinioni
1505 1205 1700 1268 egregie
1734 1204 1976 1267 convenit,

283 1281 414 1344 quod
446 1280 687 1329 Prisciani
726 1280 1012 1328 testimonia
1045 1295 1154 1327 cum
1186 1278 1424 1326 Puteanei
1464 1278 1757 1327 lectionibus
1790 1279 1975 1340 optime

281 1358 562 1420 congruunt
601 1358 774 1402 contra
806 1358 991 1402 ceteros
1028 1346 1281 1419 codices.²)
1346 1369 1455 1401 cum
1487 1369 1602 1409 vero
1635 1355 1798 1415 ipsum
1829 1352 1974 1402 Pute-

282 1430 392 1478 anei
425 1430 675 1491 exemplar
706 1429 914 1478 insulari
948 1444 1072 1490 quae
1107 1428 1292 1477 dicitur
1333 1429 1581 1490 scriptura
1613 1428 1870 1475 exaratum
1902 1429 1974 1475 fu-

282 1506 390 1565 erit,
429 1505 593 1567 ipsum
625 1504 844 1553 codicem
876 1503 1061 1551 Iuliani
1099 1502 1395 1564 capitalibus
1428 1502 1611 1550 litteris
1643 1503 1882 1564 scriptum
1915 1503 1975 1551 ab

281 1579 549 1628 Aelberhto
582 1578 952 1640 archiepiscopo
983 1576 1284 1625 Eboracensi
1321 1593 1377 1624 ex
1402 1576 1554 1624 Italia
1588 1576 1638 1624 in
1663 1576 1977 1624 Britanniam

193 1698 199 1705 .
281 1654 541 1702 advectum
574 1668 676 1701 esse
710 1653 948 1714 suspicati
980 1667 1161 1699 sumus.
1232 1667 1346 1698 nam
1380 1651 1667 1712 adportasse
1701 1667 1813 1699 eum
1845 1651 1975 1699 codi-

281 1744 386 1776 cem
418 1727 635 1790 aliquem
670 1726 799 1775 Stati
833 1727 1105 1789 discipulus
1144 1727 1362 1774 testatur
1392 1719 1694 1790 Alcuinus.³)
1758 1726 1839 1772 cui
1870 1741 1974 1774 sen-

281 1803 466 1851 tentiae
499 1802 684 1864 optime
718 1802 983 1864 respondet
1015 1800 1146 1863 quod
1179 1799 1461 1848 Puteaneus
1495 1799 1559 1847 ad
1591 1799 1808 1848 codicem
1847 1799 1977 1848 redit

281 1877 474 1924 damnis
492 1876 817 1924 exterioribus
833 1875 966 1923 haud
984 1875 1297 1937 mediocriter
1318 1867 1608 1937 affectum.4)
1642 1874 1826 1921 multae
1846 1875 1976 1922 enim

282 1953 453 1999 extant
491 1951 541 1998 in
583 1966 640 1999 eo
680 1951 886 1998 lacunae
926 1948 1109 2012 partim
1151 1950 1398 2010 servatae,
1445 1949 1630 2010 partim
1683 1949 1906 2010 expletae
1946 1965 1975 1996 a

281 2027 553 2074 correctore
586 2024 787 2087 aequali
819 2028 895 2072 1²³.
975 2039 1103 2086 quae
1143 2024 1349 2071 lacunae
1391 2038 1500 2070 cum
1542 2024 1596 2070 in
1637 2023 1811 2070 ceteris
1844 2022 1974 2070 codi-

281 2100 416 2147 cibus
449 2119 494 2147 ω
528 2116 626 2147 non
666 2100 962 2161 appareant,
1001 2098 1088 2147 hos
1121 2114 1219 2146 non
1259 2097 1470 2159 pendere
1503 2113 1558 2144 ex
1589 2096 1777 2144 Iuliani
1809 2097 1975 2145 codice

280 2174 597 2222 manifestum
629 2166 763 2239 est.⁵)

391 2249 491 2295 iam
524 2249 721 2312 vulgati
759 2247 875 2295 libri
916 2267 960 2295 ω
1002 2248 1170 2294 utrum
1210 2246 1272 2294 ad
1303 2262 1456 2293 unum
1490 2245 1740 2307 exemplar
1770 2245 1975 2293 redeant

281 2339 344 2369 an
370 2323 615 2385 paulatim
641 2323 902 2384 depravati
927 2323 1027 2369 sint
1052 2337 1109 2368 ex
1135 2321 1402 2381 archetypo
1429 2319 1697 2382 quaeritur.
1745 2320 1973 2381 quamvis

403 2452 443 2505 1)
477 2448 643 2493 Philol.
670 2454 724 2492 63
751 2448 824 2505 (N.
851 2448 900 2491 F.
929 2450 1000 2505 15)
1036 2451 1150 2490 1904
1182 2462 1225 2502 p.
1256 2451 1416 2501 157sq.

401 2512 442 2565 2)
476 2508 532 2552 cf.
551 2508 744 2552 Hermes
762 2512 819 2550 40
838 2509 987 2564 (1905)
1014 2521 1057 2562 p.
1078 2512 1159 2550 341
1178 2521 1244 2562 sq.
1271 2519 1362 2561 quo
1388 2505 1489 2550 loco
1507 2506 1566 2549 ad
1593 2519 1648 2549 ea
1672 2518 1792 2560 quae
1816 2504 1973 2562 negle-

280 2568 443 2624 gentia
459 2568 672 2624 peccavit
687 2567 952 2611 Priscianus
971 2566 1118 2610 addas
1132 2565 1275 2609 Theb.
1295 2570 1362 2620 12,
1379 2569 1460 2609 811
1481 2578 1619 2620 quem
1636 2563 1790 2608 locum
1806 2564 1972 2608 Prisci-

283 2641 399 2670 anus
417 2627 582 2671 laudat
599 2627 637 2671 G
652 2628 682 2670 L
700 2627 741 2669 Π
755 2632 857 2682 331,
872 2631 896 2669 9
915 2640 999 2682 pro
1017 2627 1210 2670 multum
1227 2638 1484 2680 synonymo
1503 2625 1687 2682 lonyum
1704 2623 1970 2668 substituto.

400 2689 442 2743 3)
478 2687 534 2731 de
560 2686 733 2730 sanctis
750 2684 1088 2730 Euboracensis
1114 2684 1339 2727 ecclesiae
1358 2688 1471 2727 1552
1490 2683 1677 2740 (Poetae
1703 2682 1805 2726 aevi
1823 2682 1971 2727 Carol.

281 2745 301 2788 1
332 2761 377 2803 p.
407 2752 489 2790 169
509 2747 607 2802 sq.>.

400 2807 442 2861 4)
478 2805 533 2849 cf.
572 2804 794 2849 Achilleis
829 2808 942 2848 1902
975 2819 1019 2860 p.
1051 2803 1141 2847 VII.

402 2868 444 2922 5)
476 2865 601 2909 unde
634 2865 809 2908 cadunt
841 2877 896 2907 ea
929 2877 1049 2919 quae
1074 2861 1325 2907 Garrodius
1357 2861 1520 2918 (praef.
1548 2860 1658 2906 edit.
1692 2875 1736 2918 p.
1763 2860 1864 2917 VII)
1896 2875 1972 2905 ex-

282 2924 521 2982 cogitavit.
