<?xml version="1.0" encoding="UTF-8"?>
<!DOCTYPE html PUBLIC "-//W3C//DTD XHTML 1.0 Transitional//EN"
    "http://www.w3.org/TR/xhtml1/DTD/xhtml1-transitional.dtd">
<html xmlns="http://www.w3.org/1999/xhtml" xml:lang="en" lang="en">
 <head>
  <title>
</title>
<meta http-equiv="Content-Type" content="text/html;charset=utf-8" />
  <meta name='ocr-system' content='tesseract 3.04.00' />
  <meta name='ocr-capabilities' content='ocr_page ocr_carea ocr_par ocr_line ocrx_word'/>
</head>
<body>
  <div class='ocr_page' id='page_1' title='image "./ppapinistatitheb00statuoft_0176.png"; bbox 0 0 2092 3172; ppageno 0'>
   <div class='ocr_carea' id='block_1_1' title="bbox 283 105 1384 159">
    <p class='ocr_par' dir='ltr' id='par_1_1' title="bbox 283 105 1384 159">
     <span class='ocr_line' id='line_1_1' title="bbox 283 105 1384 159; baseline -0.003 -7"><span class='ocrx_word' id='word_1_1' title='bbox 283 106 355 159; x_wconf 87' lang='grc'>94</span> <span class='ocrx_word' id='word_1_2' title='bbox 892 107 939 150; x_wconf 93' lang='grc' dir='ltr'>Ρ.</span> <span class='ocrx_word' id='word_1_3' title='bbox 973 105 1178 150; x_wconf 86' lang='lat' dir='ltr'>PAPINI</span> <span class='ocrx_word' id='word_1_4' title='bbox 1211 105 1384 150; x_wconf 85' lang='lat' dir='ltr'><strong>STATI</strong></span> 
     </span>
    </p>
   </div>
   <div class='ocr_carea' id='block_1_2' title="bbox 280 241 1981 1874">
    <p class='ocr_par' dir='ltr' id='par_1_2' title="bbox 281 241 1978 534">
     <span class='ocr_line' id='line_1_2' title="bbox 285 241 1851 314; baseline 0 -18"><span class='ocrx_word' id='word_1_5' title='bbox 285 244 491 312; x_wconf 80' lang='lat' dir='ltr'>ductor,</span> <span class='ocrx_word' id='word_1_6' title='bbox 529 243 929 314; x_wconf 84' lang='lat' dir='ltr'>magnanimum</span> <span class='ocrx_word' id='word_1_7' title='bbox 972 243 1018 294; x_wconf 85' lang='lat' dir='ltr'>si</span> <span class='ocrx_word' id='word_1_8' title='bbox 1058 242 1178 310; x_wconf 92' lang='lat' dir='ltr'>quis</span> <span class='ocrx_word' id='word_1_9' title='bbox 1218 241 1320 294; x_wconf 90' lang='lat' dir='ltr'>tibi</span> <span class='ocrx_word' id='word_1_10' title='bbox 1359 242 1576 312; x_wconf 88' lang='lat' dir='ltr'>sanguis</span> <span class='ocrx_word' id='word_1_11' title='bbox 1616 260 1851 313; x_wconf 82' lang='lat' dir='ltr'>avorum,</span> 
     </span>
     <span class='ocr_line' id='line_1_3' title="bbox 282 316 1978 387; baseline 0 -17"><span class='ocrx_word' id='word_1_12' title='bbox 282 335 429 370; x_wconf 88' lang='lat' dir='ltr'>arma</span> <span class='ocrx_word' id='word_1_13' title='bbox 459 319 609 386; x_wconf 85' lang='lat' dir='ltr'>para!</span> <span class='ocrx_word' id='word_1_14' title='bbox 650 336 915 387; x_wconf 85' lang='lat' dir='ltr'>nusquam</span> <span class='ocrx_word' id='word_1_15' title='bbox 954 316 1143 386; x_wconf 78' lang='lat' dir='ltr'>pietaS‚</span> <span class='ocrx_word' id='word_1_16' title='bbox 1181 334 1290 369; x_wconf 93' lang='lat' dir='ltr'>non</span> <span class='ocrx_word' id='word_1_17' title='bbox 1330 317 1581 386; x_wconf 88' lang='lat' dir='ltr'>gentibus</span> <span class='ocrx_word' id='word_1_18' title='bbox 1621 335 1849 386; x_wconf 88' lang='lat' dir='ltr'>aequum</span> <span class='ocrx_word' id='word_1_19' title='bbox 1892 331 1978 370; x_wconf 97' lang='grc'>350</span> 
     </span>
     <span class='ocr_line' id='line_1_4' title="bbox 281 390 1611 461; baseline -0.001 -17"><span class='ocrx_word' id='word_1_20' title='bbox 281 392 363 444; x_wconf 88' lang='lat' dir='ltr'>fas</span> <span class='ocrx_word' id='word_1_21' title='bbox 402 395 497 444; x_wconf 92' lang='lat' dir='ltr'>aut</span> <span class='ocrx_word' id='word_1_22' title='bbox 534 410 660 445; x_wconf 93' lang='lat' dir='ltr'>cura</span> <span class='ocrx_word' id='word_1_23' title='bbox 698 390 864 461; x_wconf 84' lang='lat' dir='ltr'>Iovis3</span> <span class='ocrx_word' id='word_1_24' title='bbox 904 391 1094 443; x_wconf 88' lang='lat' dir='ltr'>melius</span> <span class='ocrx_word' id='word_1_25' title='bbox 1133 391 1343 460; x_wconf 86' lang='lat' dir='ltr'>legatus</span> <span class='ocrx_word' id='word_1_26' title='bbox 1383 391 1611 443; x_wconf 88' lang='lat' dir='ltr'>adissem</span> 
     </span>
     <span class='ocr_line' id='line_1_5' title="bbox 284 464 1674 534; baseline 0 -16"><span class='ocrx_word' id='word_1_27' title='bbox 284 465 629 518; x_wconf 87' lang='lat' dir='ltr'>Sauromatas</span> <span class='ocrx_word' id='word_1_28' title='bbox 669 464 883 519; x_wconf 91' lang='lat' dir='ltr'>rabidos</span> <span class='ocrx_word' id='word_1_29' title='bbox 924 469 1355 534; x_wconf 77' lang='lat' dir='ltr'>servatoremque</span> <span class='ocrx_word' id='word_1_30' title='bbox 1396 468 1674 518; x_wconf 90' lang='lat' dir='ltr'>cruentum</span> 
     </span>
    </p>

    <p class='ocr_par' dir='ltr' id='par_1_3' title="bbox 282 539 1659 610">
     <span class='ocr_line' id='line_1_6' title="bbox 282 539 1659 610; baseline -0.001 -17"><span class='ocrx_word' id='word_1_31' title='bbox 282 540 532 609; x_wconf 87' lang='lat' dir='ltr'>Bebrycii</span> <span class='ocrx_word' id='word_1_32' title='bbox 570 541 817 594; x_wconf 88' lang='lat' dir='ltr'>nemoris.</span> <span class='ocrx_word' id='word_1_33' title='bbox 894 558 994 593; x_wconf 90' lang='lat' dir='ltr'>nec</span> <span class='ocrx_word' id='word_1_34' title='bbox 1033 540 1180 592; x_wconf 87' lang='lat' dir='ltr'>iussa</span> <span class='ocrx_word' id='word_1_35' title='bbox 1218 540 1404 592; x_wconf 91' lang='lat' dir='ltr'>incuso</span> <span class='ocrx_word' id='word_1_36' title='bbox 1444 539 1659 610; x_wconf 77' lang='lat' dir='ltr'>pigetve</span> 
     </span>
    </p>

    <p class='ocr_par' dir='ltr' id='par_1_4' title="bbox 282 613 1978 906">
     <span class='ocr_line' id='line_1_7' title="bbox 282 613 1667 684; baseline 0 -17"><span class='ocrx_word' id='word_1_37' title='bbox 282 614 472 668; x_wconf 89' lang='lat' dir='ltr'>officii:</span> <span class='ocrx_word' id='word_1_38' title='bbox 512 616 663 667; x_wconf 85' lang='lat' dir='ltr'>iuvat</span> <span class='ocrx_word' id='word_1_39' title='bbox 700 617 819 684; x_wconf 80' lang='lat' dir='ltr'>isse,</span> <span class='ocrx_word' id='word_1_40' title='bbox 857 616 1021 683; x_wconf 82' lang='lat' dir='ltr'>iuvat,</span> <span class='ocrx_word' id='word_1_41' title='bbox 1061 613 1378 682; x_wconf 86' lang='lat' dir='ltr'>Thebasque</span> <span class='ocrx_word' id='word_1_42' title='bbox 1416 617 1667 667; x_wconf 75' lang='lat' dir='ltr'>nocentes</span> 
     </span>
     <span class='ocr_line' id='line_1_8' title="bbox 282 687 1978 758; baseline 0 -16"><span class='ocrx_word' id='word_1_43' title='bbox 282 689 587 758; x_wconf 83' lang='lat' dir='ltr'>explorasse</span> <span class='ocrx_word' id='word_1_44' title='bbox 626 707 811 758; x_wconf 82' lang='lat' dir='ltr'>manu3</span> <span class='ocrx_word' id='word_1_45' title='bbox 849 688 993 742; x_wconf 92' lang='lat' dir='ltr'>bello</span> <span class='ocrx_word' id='word_1_46' title='bbox 1033 707 1134 756; x_wconf 84' lang='lat' dir='ltr'>me,</span> <span class='ocrx_word' id='word_1_47' title='bbox 1174 688 1387 758; x_wconf 74' lang='lat' dir='ltr'>credite,</span> <span class='ocrx_word' id='word_1_48' title='bbox 1428 687 1586 757; x_wconf 80' lang='lat' dir='ltr'>bello,</span> <span class='ocrx_word' id='word_1_49' title='bbox 1892 703 1978 742; x_wconf 87' lang='lat'>355</span> 
     </span>
     <span class='ocr_line' id='line_1_9' title="bbox 282 762 1854 833; baseline -0.001 -17"><span class='ocrx_word' id='word_1_50' title='bbox 282 781 378 816; x_wconf 91' lang='lat' dir='ltr'>ceu</span> <span class='ocrx_word' id='word_1_51' title='bbox 417 766 622 816; x_wconf 89' lang='lat' dir='ltr'>turrem</span> <span class='ocrx_word' id='word_1_52' title='bbox 661 763 892 816; x_wconf 85' lang='lat' dir='ltr'>validam</span> <span class='ocrx_word' id='word_1_53' title='bbox 933 766 1026 815; x_wconf 90' lang='lat' dir='ltr'>aut</span> <span class='ocrx_word' id='word_1_54' title='bbox 1066 767 1235 816; x_wconf 87' lang='lat' dir='ltr'>artam</span> <span class='ocrx_word' id='word_1_55' title='bbox 1276 762 1609 833; x_wconf 81' lang='lat' dir='ltr'>conpagibus</span> <span class='ocrx_word' id='word_1_56' title='bbox 1649 764 1854 832; x_wconf 86' lang='lat' dir='ltr'>urbem,</span> 
     </span>
     <span class='ocr_line' id='line_1_10' title="bbox 282 837 1608 906; baseline -0.001 -16"><span class='ocrx_word' id='word_1_57' title='bbox 282 837 473 891; x_wconf 89' lang='lat' dir='ltr'>delecti</span> <span class='ocrx_word' id='word_1_58' title='bbox 511 837 722 890; x_wconf 87' lang='lat' dir='ltr'>insidiis</span> <span class='ocrx_word' id='word_1_59' title='bbox 762 837 1118 906; x_wconf 81' lang='lat' dir='ltr'>instructique</span> <span class='ocrx_word' id='word_1_60' title='bbox 1159 837 1409 889; x_wconf 91' lang='lat' dir='ltr'>omnibus</span> <span class='ocrx_word' id='word_1_61' title='bbox 1450 837 1608 890; x_wconf 90' lang='lat' dir='ltr'>armis</span> 
     </span>
    </p>

    <p class='ocr_par' dir='ltr' id='par_1_5' title="bbox 280 910 1760 1056">
     <span class='ocr_line' id='line_1_11' title="bbox 280 910 1760 983; baseline 0 -19"><span class='ocrx_word' id='word_1_62' title='bbox 280 916 436 965; x_wconf 92' lang='lat' dir='ltr'>nocte</span> <span class='ocrx_word' id='word_1_63' title='bbox 476 911 707 981; x_wconf 91' lang='lat' dir='ltr'>doloque</span> <span class='ocrx_word' id='word_1_64' title='bbox 746 912 846 964; x_wconf 87' lang='lat' dir='ltr'>viri</span> <span class='ocrx_word' id='word_1_65' title='bbox 884 912 1088 965; x_wconf 91' lang='lat' dir='ltr'>nudum</span> <span class='ocrx_word' id='word_1_66' title='bbox 1127 912 1481 983; x_wconf 88' lang='lat' dir='ltr'>ignarumque</span> <span class='ocrx_word' id='word_1_67' title='bbox 1519 910 1760 964; x_wconf 91' lang='lat' dir='ltr'>locorum</span> 
     </span>
     <span class='ocr_line' id='line_1_12' title="bbox 280 986 1706 1056; baseline -0.001 -16"><span class='ocrx_word' id='word_1_68' title='bbox 280 986 605 1055; x_wconf 89' lang='lat' dir='ltr'>nequiquam</span> <span class='ocrx_word' id='word_1_69' title='bbox 645 988 903 1056; x_wconf 82' lang='lat' dir='ltr'>clausere3</span> <span class='ocrx_word' id='word_1_70' title='bbox 945 988 1119 1039; x_wconf 91' lang='lat' dir='ltr'>iacent</span> <span class='ocrx_word' id='word_1_71' title='bbox 1157 988 1213 1039; x_wconf 93' lang='lat' dir='ltr'>in</span> <span class='ocrx_word' id='word_1_72' title='bbox 1253 986 1512 1056; x_wconf 88' lang='lat' dir='ltr'>sanguine</span> <span class='ocrx_word' id='word_1_73' title='bbox 1550 987 1706 1038; x_wconf 86' lang='lat' dir='ltr'>mixti</span> 
     </span>
    </p>

    <p class='ocr_par' dir='ltr' id='par_1_6' title="bbox 281 1060 1981 1428">
     <span class='ocr_line' id='line_1_13' title="bbox 282 1060 1979 1130; baseline 0.001 -18"><span class='ocrx_word' id='word_1_74' title='bbox 282 1064 404 1113; x_wconf 87' lang='lat' dir='ltr'>ante</span> <span class='ocrx_word' id='word_1_75' title='bbox 428 1061 614 1114; x_wconf 91' lang='lat' dir='ltr'>urbem</span> <span class='ocrx_word' id='word_1_76' title='bbox 640 1079 876 1114; x_wconf 88' lang='lat' dir='ltr'>vacuam.</span> <span class='ocrx_word' id='word_1_77' title='bbox 930 1078 1073 1114; x_wconf 88' lang='lat' dir='ltr'>nunc</span> <span class='ocrx_word' id='word_1_78' title='bbox 1106 1078 1153 1128; x_wconf 87' lang='grc' dir='ltr'>ο,</span> <span class='ocrx_word' id='word_1_79' title='bbox 1185 1078 1327 1113; x_wconf 92' lang='lat' dir='ltr'>nunc</span> <span class='ocrx_word' id='word_1_80' title='bbox 1349 1064 1567 1130; x_wconf 63' lang='lat' dir='ltr'>tempus»</span> <span class='ocrx_word' id='word_1_81' title='bbox 1584 1060 1640 1112; x_wconf 91' lang='lat' dir='ltr'>in</span> <span class='ocrx_word' id='word_1_82' title='bbox 1664 1060 1853 1128; x_wconf 86' lang='lat' dir='ltr'>hostis,</span> <span class='ocrx_word' id='word_1_83' title='bbox 1893 1075 1979 1113; x_wconf 87' lang='lat'>360</span> 
     </span>
     <span class='ocr_line' id='line_1_14' title="bbox 282 1135 1921 1206; baseline 0.001 -19"><span class='ocrx_word' id='word_1_84' title='bbox 282 1135 408 1188; x_wconf 93' lang='lat' dir='ltr'>dum</span> <span class='ocrx_word' id='word_1_85' title='bbox 447 1135 644 1204; x_wconf 89' lang='lat' dir='ltr'>trepidi</span> <span class='ocrx_word' id='word_1_86' title='bbox 683 1153 1057 1206; x_wconf 82' lang='lat' dir='ltr'>exanguesque</span> <span class='ocrx_word' id='word_1_87' title='bbox 1095 1138 1257 1204; x_wconf 82' lang='lat' dir='ltr'>metu,</span> <span class='ocrx_word' id='word_1_88' title='bbox 1298 1136 1423 1188; x_wconf 89' lang='lat' dir='ltr'>dum</span> <span class='ocrx_word' id='word_1_89' title='bbox 1462 1135 1651 1188; x_wconf 91' lang='lat' dir='ltr'>funera</span> <span class='ocrx_word' id='word_1_90' title='bbox 1689 1138 1921 1203; x_wconf 87' lang='lat' dir='ltr'>portant,</span> 
     </span>
     <span class='ocr_line' id='line_1_15' title="bbox 281 1209 1981 1279; baseline 0 -17"><span class='ocrx_word' id='word_1_91' title='bbox 281 1228 439 1278; x_wconf 83' lang='lat' dir='ltr'>nunc,</span> <span class='ocrx_word' id='word_1_92' title='bbox 463 1228 627 1278; x_wconf 80' lang='lat' dir='ltr'>socer,</span> <span class='ocrx_word' id='word_1_93' title='bbox 650 1209 782 1262; x_wconf 91' lang='lat' dir='ltr'>haec</span> <span class='ocrx_word' id='word_1_94' title='bbox 807 1211 932 1262; x_wconf 92' lang='lat' dir='ltr'>dum</span> <span class='ocrx_word' id='word_1_95' title='bbox 957 1227 1067 1262; x_wconf 92' lang='lat' dir='ltr'>non</span> <span class='ocrx_word' id='word_1_96' title='bbox 1090 1228 1281 1262; x_wconf 88' lang='lat' dir='ltr'>manus</span> <span class='ocrx_word' id='word_1_97' title='bbox 1306 1210 1522 1278; x_wconf 82' lang='lat' dir='ltr'>excidit3</span> <span class='ocrx_word' id='word_1_98' title='bbox 1547 1211 1662 1278; x_wconf 89' lang='lat' dir='ltr'>ipse</span> <span class='ocrx_word' id='word_1_99' title='bbox 1688 1226 1787 1279; x_wconf 85' lang='lat' dir='ltr'>ego</span> <span class='ocrx_word' id='word_1_100' title='bbox 1807 1210 1981 1262; x_wconf 86' lang='lat' dir='ltr'>fessus</span> 
     </span>
     <span class='ocr_line' id='line_1_16' title="bbox 283 1283 1675 1355; baseline -0.001 -19"><span class='ocrx_word' id='word_1_101' title='bbox 283 1284 676 1355; x_wconf 87' lang='lat' dir='ltr'>quinquaginta</span> <span class='ocrx_word' id='word_1_102' title='bbox 714 1284 822 1336; x_wconf 91' lang='lat' dir='ltr'>illis</span> <span class='ocrx_word' id='word_1_103' title='bbox 862 1283 1084 1337; x_wconf 87' lang='lat' dir='ltr'>heroum</span> <span class='ocrx_word' id='word_1_104' title='bbox 1125 1284 1430 1337; x_wconf 84' lang='lat' dir='ltr'>inmanibus</span> <span class='ocrx_word' id='word_1_105' title='bbox 1470 1283 1675 1336; x_wconf 89' lang='lat' dir='ltr'>umbris</span> 
     </span>
     <span class='ocr_line' id='line_1_17' title="bbox 281 1358 1676 1428; baseline -0.001 -17"><span class='ocrx_word' id='word_1_106' title='bbox 281 1358 609 1427; x_wconf 86' lang='lat' dir='ltr'>vulneraque</span> <span class='ocrx_word' id='word_1_107' title='bbox 651 1360 754 1411; x_wconf 88' lang='lat' dir='ltr'>ista</span> <span class='ocrx_word' id='word_1_108' title='bbox 791 1359 967 1411; x_wconf 85' lang='lat' dir='ltr'>ferens</span> <span class='ocrx_word' id='word_1_109' title='bbox 1005 1360 1154 1428; x_wconf 86' lang='lat' dir='ltr'>putri</span> <span class='ocrx_word' id='word_1_110' title='bbox 1193 1359 1450 1412; x_wconf 86' lang='lat' dir='ltr'>insiccata</span> <span class='ocrx_word' id='word_1_111' title='bbox 1489 1375 1676 1410; x_wconf 87' lang='lat' dir='ltr'>cruore</span> 
     </span>
    </p>

    <p class='ocr_par' dir='ltr' id='par_1_7' title="bbox 280 1433 1978 1577">
     <span class='ocr_line' id='line_1_18' title="bbox 281 1433 1978 1503; baseline -0.001 -18"><span class='ocrx_word' id='word_1_112' title='bbox 281 1433 527 1503; x_wconf 89' lang='lat' dir='ltr'>protinus</span> <span class='ocrx_word' id='word_1_113' title='bbox 566 1435 643 1485; x_wconf 91' lang='lat' dir='ltr'>ire</span> <span class='ocrx_word' id='word_1_114' title='bbox 681 1434 848 1502; x_wconf 89' lang='lat' dir='ltr'>peto!&#39;</span> <span class='ocrx_word' id='word_1_115' title='bbox 927 1433 1123 1501; x_wconf 91' lang='lat' dir='ltr'>trepidi</span> <span class='ocrx_word' id='word_1_116' title='bbox 1164 1433 1227 1485; x_wconf 92' lang='lat' dir='ltr'>de</span> <span class='ocrx_word' id='word_1_117' title='bbox 1268 1433 1482 1486; x_wconf 86' lang='lat' dir='ltr'>sedibus</span> <span class='ocrx_word' id='word_1_118' title='bbox 1523 1433 1735 1484; x_wconf 87' lang='lat' dir='ltr'>adstant</span> <span class='ocrx_word' id='word_1_119' title='bbox 1893 1445 1978 1484; x_wconf 84' lang='lat'>365</span> 
     </span>
     <span class='ocr_line' id='line_1_19' title="bbox 280 1506 1638 1577; baseline -0.001 -17"><span class='ocrx_word' id='word_1_120' title='bbox 280 1506 582 1575; x_wconf 87' lang='lat' dir='ltr'>Inachidae,</span> <span class='ocrx_word' id='word_1_121' title='bbox 621 1509 934 1577; x_wconf 82' lang='lat' dir='ltr'>cunctisque</span> <span class='ocrx_word' id='word_1_122' title='bbox 971 1509 1121 1576; x_wconf 89' lang='lat' dir='ltr'>prior</span> <span class='ocrx_word' id='word_1_123' title='bbox 1162 1506 1443 1561; x_wconf 86' lang='lat' dir='ltr'>Cadmeius</span> <span class='ocrx_word' id='word_1_124' title='bbox 1480 1506 1638 1559; x_wconf 88' lang='lat' dir='ltr'>heros</span> 
     </span>
    </p>

    <p class='ocr_par' dir='ltr' id='par_1_8' title="bbox 283 1580 1542 1652">
     <span class='ocr_line' id='line_1_20' title="bbox 283 1580 1542 1652; baseline -0.001 -18"><span class='ocrx_word' id='word_1_125' title='bbox 283 1581 518 1634; x_wconf 84' lang='lat' dir='ltr'>adcurrit</span> <span class='ocrx_word' id='word_1_126' title='bbox 557 1580 763 1635; x_wconf 91' lang='lat' dir='ltr'>vultum</span> <span class='ocrx_word' id='word_1_127' title='bbox 806 1582 1039 1636; x_wconf 88' lang='lat' dir='ltr'>deiectus</span> <span class='ocrx_word' id='word_1_128' title='bbox 1080 1585 1132 1634; x_wconf 91' lang='lat' dir='ltr'>et</span> <span class='ocrx_word' id='word_1_129' title='bbox 1174 1583 1224 1634; x_wconf 84' lang='lat' dir='ltr'>‘o</span> <span class='ocrx_word' id='word_1_130' title='bbox 1266 1599 1365 1652; x_wconf 84' lang='lat' dir='ltr'>ego</span> <span class='ocrx_word' id='word_1_131' title='bbox 1406 1581 1542 1633; x_wconf 84' lang='lat' dir='ltr'>divis</span> 
     </span>
    </p>

    <p class='ocr_par' dir='ltr' id='par_1_9' title="bbox 282 1655 1636 1725">
     <span class='ocr_line' id='line_1_21' title="bbox 282 1655 1636 1725; baseline 0 -17"><span class='ocrx_word' id='word_1_132' title='bbox 282 1656 487 1708; x_wconf 86' lang='lat' dir='ltr'>invisus</span> <span class='ocrx_word' id='word_1_133' title='bbox 527 1658 776 1725; x_wconf 88' lang='lat' dir='ltr'>vitaeque</span> <span class='ocrx_word' id='word_1_134' title='bbox 813 1674 1011 1709; x_wconf 88' lang='lat' dir='ltr'>nocens</span> <span class='ocrx_word' id='word_1_135' title='bbox 1049 1655 1181 1709; x_wconf 87' lang='lat' dir='ltr'>haec</span> <span class='ocrx_word' id='word_1_136' title='bbox 1219 1656 1441 1708; x_wconf 86' lang='lat' dir='ltr'>vulnera</span> <span class='ocrx_word' id='word_1_137' title='bbox 1480 1673 1636 1708; x_wconf 91' lang='lat' dir='ltr'>cerno</span> 
     </span>
    </p>

    <p class='ocr_par' dir='ltr' id='par_1_10' title="bbox 282 1730 1757 1801">
     <span class='ocr_line' id='line_1_22' title="bbox 282 1730 1757 1801; baseline -0.001 -18"><span class='ocrx_word' id='word_1_138' title='bbox 282 1730 511 1801; x_wconf 81' lang='lat' dir='ltr'>integer!</span> <span class='ocrx_word' id='word_1_139' title='bbox 551 1730 720 1783; x_wconf 85' lang='lat' dir='ltr'>hosne</span> <span class='ocrx_word' id='word_1_140' title='bbox 758 1730 893 1784; x_wconf 90' lang='lat' dir='ltr'>mihi</span> <span class='ocrx_word' id='word_1_141' title='bbox 932 1730 1150 1801; x_wconf 83' lang='lat' dir='ltr'>redituS,</span> <span class='ocrx_word' id='word_1_142' title='bbox 1190 1749 1455 1801; x_wconf 81' lang='lat' dir='ltr'>germane,</span> <span class='ocrx_word' id='word_1_143' title='bbox 1494 1730 1757 1799; x_wconf 80' lang='lat' dir='ltr'>parabas?</span> 
     </span>
    </p>

    <p class='ocr_par' dir='ltr' id='par_1_11' title="bbox 281 1804 1979 1874">
     <span class='ocr_line' id='line_1_23' title="bbox 281 1804 1979 1874; baseline -0.001 -17"><span class='ocrx_word' id='word_1_144' title='bbox 281 1805 336 1857; x_wconf 91' lang='lat' dir='ltr'>in</span> <span class='ocrx_word' id='word_1_145' title='bbox 376 1823 459 1858; x_wconf 93' lang='lat' dir='ltr'>me</span> <span class='ocrx_word' id='word_1_146' title='bbox 498 1804 628 1857; x_wconf 89' lang='lat' dir='ltr'>haec</span> <span class='ocrx_word' id='word_1_147' title='bbox 667 1804 776 1858; x_wconf 85' lang='lat' dir='ltr'>tela</span> <span class='ocrx_word' id='word_1_148' title='bbox 814 1806 940 1858; x_wconf 82' lang='lat' dir='ltr'>mei!</span> <span class='ocrx_word' id='word_1_149' title='bbox 980 1823 1078 1874; x_wconf 88' lang='lat' dir='ltr'>pro</span> <span class='ocrx_word' id='word_1_150' title='bbox 1119 1805 1259 1857; x_wconf 86' lang='lat' dir='ltr'>vitae</span> <span class='ocrx_word' id='word_1_151' title='bbox 1299 1804 1456 1856; x_wconf 87' lang='lat' dir='ltr'>foeda</span> <span class='ocrx_word' id='word_1_152' title='bbox 1495 1804 1710 1874; x_wconf 86' lang='lat' dir='ltr'>cupido!</span> <span class='ocrx_word' id='word_1_153' title='bbox 1894 1817 1979 1856; x_wconf 85' lang='lat'>370</span> 
     </span>
    </p>
   </div>
   <div class='ocr_carea' id='block_1_3' title="bbox 274 1919 1982 2276">
    <p class='ocr_par' dir='ltr' id='par_1_12' title="bbox 402 1919 1980 1977">
     <span class='ocr_line' id='line_1_24' title="bbox 402 1919 1980 1977; baseline -0.001 -12"><span class='ocrx_word' id='word_1_154' title='bbox 402 1926 486 1965; x_wconf 82' lang='lat'>349</span> <span class='ocrx_word' id='word_1_155' title='bbox 521 1919 696 1966; x_wconf 84' lang='lat' dir='ltr'>Ductor</span> <span class='ocrx_word' id='word_1_156' title='bbox 726 1926 824 1965; x_wconf 83' lang='lat' dir='ltr'>PD:</span> <span class='ocrx_word' id='word_1_157' title='bbox 866 1923 1043 1966; x_wconf 88' lang='lat' dir='ltr'>Auctor</span> <span class='ocrx_word' id='word_1_158' title='bbox 1075 1936 1120 1965; x_wconf 88' lang='grc' dir='ltr'>ω</span> <span class='ocrx_word' id='word_1_159' title='bbox 1259 1925 1344 1965; x_wconf 85' lang='grc'>350</span> <span class='ocrx_word' id='word_1_160' title='bbox 1377 1935 1576 1977; x_wconf 86' lang='lat' dir='ltr'>aequum</span> <span class='ocrx_word' id='word_1_161' title='bbox 1609 1935 1675 1965; x_wconf 80' lang='lat' dir='ltr'>w:</span> <span class='ocrx_word' id='word_1_162' title='bbox 1718 1933 1917 1976; x_wconf 89' lang='lat' dir='ltr'>aequam</span> <span class='ocrx_word' id='word_1_163' title='bbox 1947 1925 1980 1962; x_wconf 98' lang='lat' dir='ltr'>P</span> 
     </span>
    </p>

    <p class='ocr_par' dir='ltr' id='par_1_13' title="bbox 274 1980 1982 2276">
     <span class='ocr_line' id='line_1_25' title="bbox 372 1980 1892 2029; baseline -0.001 -3"><span class='ocrx_word' id='word_1_164' title='bbox 372 1986 455 2026; x_wconf 87' lang='grc'>351</span> <span class='ocrx_word' id='word_1_165' title='bbox 506 1984 589 2025; x_wconf 87' lang='lat' dir='ltr'>aut</span> <span class='ocrx_word' id='word_1_166' title='bbox 636 1995 747 2025; x_wconf 89' lang='lat' dir='ltr'>cura</span> <span class='ocrx_word' id='word_1_167' title='bbox 794 1996 860 2025; x_wconf 79' lang='lat' dir='ltr'>w:</span> <span class='ocrx_word' id='word_1_168' title='bbox 918 1984 1115 2025; x_wconf 87' lang='lat' dir='ltr'>auctura</span> <span class='ocrx_word' id='word_1_169' title='bbox 1160 1986 1213 2024; x_wconf 87' lang='lat' dir='ltr'>P:</span> <span class='ocrx_word' id='word_1_170' title='bbox 1271 1983 1354 2024; x_wconf 88' lang='lat' dir='ltr'>aut</span> <span class='ocrx_word' id='word_1_171' title='bbox 1406 1981 1509 2024; x_wconf 88' lang='lat' dir='ltr'>iura</span> <span class='ocrx_word' id='word_1_172' title='bbox 1556 1994 1583 2029; x_wconf 89' lang='grc' dir='ltr'><strong><em>ς</em></strong></span> <span class='ocrx_word' id='word_1_173' title='bbox 1634 1980 1892 2025; x_wconf 72' lang='lat' dir='ltr'>Gom-odius</span> 
     </span>
     <span class='ocr_line' id='line_1_26' title="bbox 282 2039 1982 2096; baseline 0 -13"><span class='ocrx_word' id='word_1_174' title='bbox 282 2045 367 2083; x_wconf 82' lang='lat'>352</span> <span class='ocrx_word' id='word_1_175' title='bbox 414 2040 604 2084; x_wconf 84' lang='lat' dir='ltr'>rabidos</span> <span class='ocrx_word' id='word_1_176' title='bbox 662 2042 984 2095; x_wconf 76' lang='lat' dir='ltr'>Wakefieldus:</span> <span class='ocrx_word' id='word_1_177' title='bbox 1035 2040 1196 2084; x_wconf 88' lang='lat' dir='ltr'>avidos</span> <span class='ocrx_word' id='word_1_178' title='bbox 1251 2044 1338 2084; x_wconf 78' lang='lat' dir='ltr'>Pw</span> <span class='ocrx_word' id='word_1_179' title='bbox 1386 2042 1504 2096; x_wconf 78' lang='lat' dir='ltr'>quod</span> <span class='ocrx_word' id='word_1_180' title='bbox 1549 2040 1743 2094; x_wconf 78' lang='lat' dir='ltr'>fortasse</span> <span class='ocrx_word' id='word_1_181' title='bbox 1797 2039 1982 2094; x_wconf 77' lang='lat' dir='ltr'>defe‘ndi</span> 
     </span>
     <span class='ocr_line' id='line_1_27' title="bbox 274 2098 1979 2156; baseline -0.002 -12"><span class='ocrx_word' id='word_1_182' title='bbox 274 2106 425 2156; x_wconf 79' lang='lat' dir='ltr'>potest</span> <span class='ocrx_word' id='word_1_183' title='bbox 462 2101 572 2145; x_wconf 80' lang='lat' dir='ltr'>loeis</span> <span class='ocrx_word' id='word_1_184' title='bbox 602 2102 722 2144; x_wconf 80' lang='lat' dir='ltr'>velut</span> <span class='ocrx_word' id='word_1_185' title='bbox 752 2100 855 2145; x_wconf 71' lang='lat' dir='ltr'>Seu.</span> <span class='ocrx_word' id='word_1_186' title='bbox 887 2101 1022 2145; x_wconf 87' lang='lat' dir='ltr'>Herc.</span> <span class='ocrx_word' id='word_1_187' title='bbox 1048 2102 1141 2155; x_wconf 82' lang='lat' dir='ltr'>fur.</span> <span class='ocrx_word' id='word_1_188' title='bbox 1164 2103 1258 2146; x_wconf 84' lang='grc'>838</span> <span class='ocrx_word' id='word_1_189' title='bbox 1305 2103 1508 2155; x_wconf 84' lang='lat' dir='ltr'>quantus</span> <span class='ocrx_word' id='word_1_190' title='bbox 1555 2098 1732 2143; x_wconf 87' lang='lat' dir='ltr'>incedit</span> <span class='ocrx_word' id='word_1_191' title='bbox 1778 2098 1979 2155; x_wconf 83' lang='lat' dir='ltr'>populus</span> 
     </span>
     <span class='ocr_line' id='line_1_28' title="bbox 282 2157 1982 2216; baseline -0.002 -13"><span class='ocrx_word' id='word_1_192' title='bbox 282 2173 366 2216; x_wconf 91' lang='lat' dir='ltr'>per</span> <span class='ocrx_word' id='word_1_193' title='bbox 415 2160 553 2204; x_wconf 84' lang='lat' dir='ltr'>urbes</span> <span class='ocrx_word' id='word_1_194' title='bbox 601 2159 662 2202; x_wconf 89' lang='lat' dir='ltr'>ad</span> <span class='ocrx_word' id='word_1_195' title='bbox 709 2159 815 2203; x_wconf 91' lang='lat' dir='ltr'>novi</span> <span class='ocrx_word' id='word_1_196' title='bbox 863 2159 999 2203; x_wconf 86' lang='lat' dir='ltr'>ludos</span> <span class='ocrx_word' id='word_1_197' title='bbox 1048 2159 1211 2203; x_wconf 87' lang='lat' dir='ltr'>avidus</span> <span class='ocrx_word' id='word_1_198' title='bbox 1260 2161 1306 2215; x_wconf 85' lang='lat' dir='ltr'>(i.</span> <span class='ocrx_word' id='word_1_199' title='bbox 1346 2160 1597 2216; x_wconf 77' lang='lat' dir='ltr'>spectandi)</span> <span class='ocrx_word' id='word_1_200' title='bbox 1651 2157 1846 2210; x_wconf 83' lang='lat' dir='ltr'>theatri,</span> <span class='ocrx_word' id='word_1_201' title='bbox 1901 2158 1982 2202; x_wconf 76' lang='lat' dir='ltr'>ubi</span> 
     </span>
     <span class='ocr_line' id='line_1_29' title="bbox 283 2215 1980 2276; baseline -0.001 -15"><span class='ocrx_word' id='word_1_202' title='bbox 283 2218 342 2261; x_wconf 85' lang='lat' dir='ltr'>ad</span> <span class='ocrx_word' id='word_1_203' title='bbox 370 2218 599 2263; x_wconf 84' lang='lat' dir='ltr'>...ludos</span> <span class='ocrx_word' id='word_1_204' title='bbox 649 2220 706 2263; x_wconf 86' lang='lat' dir='ltr'>ab</span> <span class='ocrx_word' id='word_1_205' title='bbox 753 2219 933 2263; x_wconf 84' lang='lat' dir='ltr'>incedit</span> <span class='ocrx_word' id='word_1_206' title='bbox 970 2220 1140 2276; x_wconf 77' lang='lat' dir='ltr'>pendet</span> <span class='ocrx_word' id='word_1_207' title='bbox 1292 2222 1375 2262; x_wconf 77' lang='lat'>353</span> <span class='ocrx_word' id='word_1_208' title='bbox 1417 2217 1632 2262; x_wconf 85' lang='lat' dir='ltr'>Bebriaci</span> <span class='ocrx_word' id='word_1_209' title='bbox 1670 2217 1795 2260; x_wconf 57' lang='grc' dir='ltr'>Μῖνι</span> <span class='ocrx_word' id='word_1_210' title='bbox 1843 2215 1885 2274; x_wconf 61' lang='lat' dir='ltr'>(i</span> <span class='ocrx_word' id='word_1_211' title='bbox 1901 2216 1980 2260; x_wconf 85' lang='lat' dir='ltr'>be-</span> 
     </span>
    </p>
   </div>
   <div class='ocr_carea' id='block_1_4' title="bbox 282 2277 1977 2424">
    <p class='ocr_par' dir='ltr' id='par_1_14' title="bbox 282 2277 1977 2424">
     <span class='ocr_line' id='line_1_30' title="bbox 282 2277 1977 2365; baseline -0.001 -14"><span class='ocrx_word' id='word_1_212' title='bbox 282 2307 430 2351; x_wconf 88' lang='lat' dir='ltr'>bracii</span> <span class='ocrx_word' id='word_1_213' title='bbox 469 2307 539 2362; x_wconf 76' lang='lat' dir='ltr'>r2)</span> <span class='ocrx_word' id='word_1_214' title='bbox 675 2307 866 2365; x_wconf 53' lang='lat' dir='ltr'>incugso</span> <span class='ocrx_word' id='word_1_215' title='bbox 907 2309 963 2364; x_wconf 86' lang='lat' dir='ltr'>(s)</span> <span class='ocrx_word' id='word_1_216' title='bbox 1001 2312 1035 2350; x_wconf 89' lang='lat' dir='ltr'>P</span> <span class='ocrx_word' id='word_1_217' title='bbox 1209 2312 1295 2351; x_wconf 85' lang='lat'>354</span> <span class='ocrx_word' id='word_1_218' title='bbox 1333 2306 1468 2350; x_wconf 86' lang='lat' dir='ltr'>iubat</span> <span class='ocrx_word' id='word_1_219' title='bbox 1508 2308 1576 2352; x_wconf 80' lang='lat' dir='ltr'>bis</span> <span class='ocrx_word' id='word_1_220' title='bbox 1620 2311 1653 2349; x_wconf 89' lang='lat' dir='ltr'>P</span> <span class='ocrx_word' id='word_1_221' title='bbox 1788 2277 1887 2350; x_wconf 52' lang='grc' dir='ltr'>ἓξὲξ</span> <span class='ocrx_word' id='word_1_222' title='bbox 1917 2305 1977 2348; x_wconf 75' lang='lat'>1²:</span> 
     </span>
     <span class='ocr_line' id='line_1_31' title="bbox 282 2366 1890 2424; baseline -0.001 -14"><span class='ocrx_word' id='word_1_223' title='bbox 282 2368 384 2423; x_wconf 79' lang='lat' dir='ltr'>ipse</span> <span class='ocrx_word' id='word_1_224' title='bbox 416 2383 439 2410; x_wconf 91' lang='lat' dir='ltr'>r</span> <span class='ocrx_word' id='word_1_225' title='bbox 575 2371 661 2411; x_wconf 88' lang='lat'>355</span> <span class='ocrx_word' id='word_1_226' title='bbox 692 2380 859 2424; x_wconf 89' lang='lat' dir='ltr'>meque</span> <span class='ocrx_word' id='word_1_227' title='bbox 900 2367 1026 2411; x_wconf 86' lang='lat' dir='ltr'>edite</span> <span class='ocrx_word' id='word_1_228' title='bbox 1057 2373 1079 2410; x_wconf 81' lang='lat' dir='ltr'><strong>f</strong></span> <span class='ocrx_word' id='word_1_229' title='bbox 1213 2371 1298 2410; x_wconf 85' lang='grc'>356</span> <span class='ocrx_word' id='word_1_230' title='bbox 1338 2369 1514 2410; x_wconf 88' lang='lat' dir='ltr'>turrem</span> <span class='ocrx_word' id='word_1_231' title='bbox 1545 2371 1597 2409; x_wconf 89' lang='lat' dir='ltr'>P:</span> <span class='ocrx_word' id='word_1_232' title='bbox 1646 2366 1813 2409; x_wconf 77' lang='lat' dir='ltr'>turrim</span> <span class='ocrx_word' id='word_1_233' title='bbox 1844 2381 1890 2410; x_wconf 86' lang='grc' dir='ltr'>ω</span> 
     </span>
    </p>
   </div>
   <div class='ocr_carea' id='block_1_5' title="bbox 284 2424 1891 2482">
    <p class='ocr_par' dir='ltr' id='par_1_15' title="bbox 284 2424 1891 2482">
     <span class='ocr_line' id='line_1_32' title="bbox 284 2424 1891 2482; baseline -0.002 -12"><span class='ocrx_word' id='word_1_234' title='bbox 284 2431 368 2470; x_wconf 85' lang='grc'>357</span> <span class='ocrx_word' id='word_1_235' title='bbox 402 2425 574 2471; x_wconf 91' lang='lat' dir='ltr'>Dilecti</span> <span class='ocrx_word' id='word_1_236' title='bbox 606 2442 630 2469; x_wconf 90' lang='lat' dir='ltr'>r</span> <span class='ocrx_word' id='word_1_237' title='bbox 736 2427 1049 2482; x_wconf 86' lang='lat' dir='ltr'>instructique</span> <span class='ocrx_word' id='word_1_238' title='bbox 1081 2442 1148 2471; x_wconf 80' lang='lat' dir='ltr'>w:</span> <span class='ocrx_word' id='word_1_239' title='bbox 1198 2430 1285 2470; x_wconf 82' lang='lat' dir='ltr'>str-</span> <span class='ocrx_word' id='word_1_240' title='bbox 1317 2431 1349 2469; x_wconf 88' lang='lat' dir='ltr'>P</span> <span class='ocrx_word' id='word_1_241' title='bbox 1485 2428 1571 2469; x_wconf 85' lang='lat'>358</span> <span class='ocrx_word' id='word_1_242' title='bbox 1605 2424 1830 2481; x_wconf 88' lang='lat' dir='ltr'>dolorque</span> <span class='ocrx_word' id='word_1_243' title='bbox 1863 2430 1891 2467; x_wconf 83' lang='lat' dir='ltr'>c</span> 
     </span>
    </p>
   </div>
   <div class='ocr_carea' id='block_1_6' title="bbox 282 2487 1891 2586">
    <p class='ocr_par' dir='ltr' id='par_1_16' title="bbox 282 2487 1891 2586">
     <span class='ocr_line' id='line_1_33' title="bbox 282 2487 1891 2586; baseline -0.001 -13"><span class='ocrx_word' id='word_1_244' title='bbox 282 2487 429 2584; x_wconf 47' lang='grc' dir='ltr'>ἓξὲξ</span> <span class='ocrx_word' id='word_1_245' title='bbox 448 2531 525 2574; x_wconf 71' lang='lat'>3¹:</span> <span class='ocrx_word' id='word_1_246' title='bbox 574 2544 657 2575; x_wconf 88' lang='lat' dir='ltr'>om.</span> <span class='ocrx_word' id='word_1_247' title='bbox 691 2535 717 2573; x_wconf 91' lang='lat' dir='ltr'>b</span> <span class='ocrx_word' id='word_1_248' title='bbox 825 2530 1021 2586; x_wconf 88' lang='lat' dir='ltr'>locoque</span> <span class='ocrx_word' id='word_1_249' title='bbox 1051 2535 1073 2573; x_wconf 77' lang='lat'><em>1</em></span> <span class='ocrx_word' id='word_1_250' title='bbox 1221 2534 1307 2574; x_wconf 85' lang='grc'>360</span> <span class='ocrx_word' id='word_1_251' title='bbox 1346 2530 1495 2574; x_wconf 80' lang='lat' dir='ltr'>hostis</span> <span class='ocrx_word' id='word_1_252' title='bbox 1534 2544 1601 2573; x_wconf 78' lang='lat' dir='ltr'>w:</span> <span class='ocrx_word' id='word_1_253' title='bbox 1646 2529 1828 2572; x_wconf 90' lang='lat' dir='ltr'>hostem</span> <span class='ocrx_word' id='word_1_254' title='bbox 1858 2533 1891 2571; x_wconf 88' lang='lat' dir='ltr'>P</span> 
     </span>
    </p>
   </div>
   <div class='ocr_carea' id='block_1_7' title="bbox 282 2587 2039 2763">
    <p class='ocr_par' dir='ltr' id='par_1_17' title="bbox 282 2587 2039 2763">
     <span class='ocr_line' id='line_1_34' title="bbox 284 2587 2039 2645; baseline -0.001 -13"><span class='ocrx_word' id='word_1_255' title='bbox 284 2595 367 2633; x_wconf 88' lang='grc'>361</span> <span class='ocrx_word' id='word_1_256' title='bbox 409 2603 520 2645; x_wconf 86' lang='lat' dir='ltr'>-que</span> <span class='ocrx_word' id='word_1_257' title='bbox 560 2604 643 2634; x_wconf 88' lang='lat' dir='ltr'>om.</span> <span class='ocrx_word' id='word_1_258' title='bbox 683 2594 810 2634; x_wconf 82' lang='lat' dir='ltr'>BLr:</span> <span class='ocrx_word' id='word_1_259' title='bbox 858 2605 892 2634; x_wconf 83' lang='lat' dir='ltr'>s.</span> <span class='ocrx_word' id='word_1_260' title='bbox 935 2591 962 2634; x_wconf 87' lang='lat' dir='ltr'>l.</span> <span class='ocrx_word' id='word_1_261' title='bbox 1005 2590 1111 2634; x_wconf 86' lang='lat' dir='ltr'>add.</span> <span class='ocrx_word' id='word_1_262' title='bbox 1153 2589 1270 2638; x_wconf 74' lang='lat' dir='ltr'>Q²b²</span> <span class='ocrx_word' id='word_1_263' title='bbox 1421 2593 1504 2633; x_wconf 79' lang='lat'>362</span> <span class='ocrx_word' id='word_1_264' title='bbox 1546 2603 1676 2632; x_wconf 78' lang='lat' dir='ltr'>socer</span> <span class='ocrx_word' id='word_1_265' title='bbox 1713 2589 1829 2632; x_wconf 82' lang='lat' dir='ltr'>haec</span> <span class='ocrx_word' id='word_1_266' title='bbox 1869 2587 1980 2631; x_wconf 91' lang='lat' dir='ltr'>dum</span> <span class='ocrx_word' id='word_1_267' title='bbox 2038 2635 2039 2638; x_wconf 8' lang='grc' dir='ltr'><strong>Ἰ</strong></span> 
     </span>
     <span class='ocr_line' id='line_1_35' title="bbox 282 2647 1981 2706; baseline 0 -15"><span class='ocrx_word' id='word_1_268' title='bbox 282 2663 376 2692; x_wconf 91' lang='lat' dir='ltr'>non</span> <span class='ocrx_word' id='word_1_269' title='bbox 407 2653 460 2692; x_wconf 87' lang='lat' dir='ltr'>P:</span> <span class='ocrx_word' id='word_1_270' title='bbox 510 2649 622 2692; x_wconf 90' lang='lat' dir='ltr'>dum</span> <span class='ocrx_word' id='word_1_271' title='bbox 670 2649 838 2706; x_wconf 88' lang='lat' dir='ltr'>capulo</span> <span class='ocrx_word' id='word_1_272' title='bbox 885 2649 1098 2693; x_wconf 77' lang='lat' dir='ltr'>nondum</span> <span class='ocrx_word' id='word_1_273' title='bbox 1132 2663 1199 2703; x_wconf 71' lang='grc' dir='ltr'>ως</span> <span class='ocrx_word' id='word_1_274' title='bbox 1248 2648 1425 2693; x_wconf 85' lang='lat' dir='ltr'>excidit</span> <span class='ocrx_word' id='word_1_275' title='bbox 1454 2651 1484 2692; x_wconf 80' lang='lat' dir='ltr'>i.</span> <span class='ocrx_word' id='word_1_276' title='bbox 1525 2662 1547 2692; x_wconf 87' lang='lat' dir='ltr'>e</span> <span class='ocrx_word' id='word_1_277' title='bbox 1585 2650 1820 2701; x_wconf 81' lang='lat' dir='ltr'>memoria,</span> <span class='ocrx_word' id='word_1_278' title='bbox 1862 2647 1981 2703; x_wconf 77' lang='lat' dir='ltr'>quod</span> 
     </span>
     <span class='ocr_line' id='line_1_36' title="bbox 284 2706 1978 2763; baseline -0.002 -11"><span class='ocrx_word' id='word_1_279' title='bbox 284 2722 385 2752; x_wconf 82' lang='lat' dir='ltr'>cum</span> <span class='ocrx_word' id='word_1_280' title='bbox 416 2709 468 2751; x_wconf 77' lang='lat' dir='ltr'>in</span> <span class='ocrx_word' id='word_1_281' title='bbox 499 2723 544 2752; x_wconf 87' lang='grc' dir='ltr'>ω</span> <span class='ocrx_word' id='word_1_282' title='bbox 577 2722 671 2752; x_wconf 78' lang='lat' dir='ltr'>non</span> <span class='ocrx_word' id='word_1_283' title='bbox 702 2715 810 2753; x_wconf 76' lang='lat' dir='ltr'>esset</span> <span class='ocrx_word' id='word_1_284' title='bbox 833 2709 1118 2763; x_wconf 77' lang='lat' dir='ltr'>intellectum,</span> <span class='ocrx_word' id='word_1_285' title='bbox 1150 2714 1374 2753; x_wconf 80' lang='lat' dir='ltr'>mutatum</span> <span class='ocrx_word' id='word_1_286' title='bbox 1398 2714 1471 2752; x_wconf 82' lang='lat' dir='ltr'>est.</span> <span class='ocrx_word' id='word_1_287' title='bbox 1536 2708 1648 2751; x_wconf 90' lang='lat' dir='ltr'>dum</span> <span class='ocrx_word' id='word_1_288' title='bbox 1673 2706 1839 2763; x_wconf 89' lang='lat' dir='ltr'>capulo</span> <span class='ocrx_word' id='word_1_289' title='bbox 1863 2719 1978 2749; x_wconf 91' lang='lat' dir='ltr'>non-</span> 
     </span>
    </p>
   </div>
   <div class='ocr_carea' id='block_1_8' title="bbox 283 2776 2036 2988">
    <p class='ocr_par' dir='ltr' id='par_1_18' title="bbox 283 2776 2036 2988">
     <span class='ocr_line' id='line_1_37' title="bbox 285 2776 2036 2868; baseline -0.001 -14"><span class='ocrx_word' id='word_1_290' title='bbox 285 2811 396 2854; x_wconf 90' lang='lat' dir='ltr'>dum</span> <span class='ocrx_word' id='word_1_291' title='bbox 435 2811 551 2855; x_wconf 85' lang='lat' dir='ltr'>haec</span> <span class='ocrx_word' id='word_1_292' title='bbox 590 2825 755 2855; x_wconf 82' lang='lat' dir='ltr'>manus</span> <span class='ocrx_word' id='word_1_293' title='bbox 803 2812 1064 2857; x_wconf 74' lang='lat' dir='ltr'>Gwrodius</span> <span class='ocrx_word' id='word_1_294' title='bbox 1214 2816 1298 2856; x_wconf 87' lang='lat'>363</span> <span class='ocrx_word' id='word_1_295' title='bbox 1341 2776 1689 2868; x_wconf 57' lang='lat' dir='ltr'>Quinquaginti‘</span> <span class='ocrx_word' id='word_1_296' title='bbox 1719 2811 1774 2858; x_wconf 75' lang='lat' dir='ltr'>Q¹</span> <span class='ocrx_word' id='word_1_297' title='bbox 1894 2809 1979 2853; x_wconf 89' lang='lat' dir='ltr'>im·</span> <span class='ocrx_word' id='word_1_298' title='bbox 2034 2800 2036 2803; x_wconf 32' lang='lat'>⁸</span> 
     </span>
     <span class='ocr_line' id='line_1_38' title="bbox 283 2870 1888 2928; baseline 0 -15"><span class='ocrx_word' id='word_1_299' title='bbox 283 2870 498 2914; x_wconf 85' lang='lat' dir='ltr'>manibus</span> <span class='ocrx_word' id='word_1_300' title='bbox 531 2875 564 2913; x_wconf 97' lang='lat' dir='ltr'>P</span> <span class='ocrx_word' id='word_1_301' title='bbox 686 2875 771 2915; x_wconf 87' lang='grc'><strong>365</strong></span> <span class='ocrx_word' id='word_1_302' title='bbox 805 2873 964 2916; x_wconf 80' lang='lat' dir='ltr'>astant</span> <span class='ocrx_word' id='word_1_303' title='bbox 993 2877 1026 2914; x_wconf 91' lang='lat' dir='ltr'>P</span> <span class='ocrx_word' id='word_1_304' title='bbox 1147 2876 1230 2915; x_wconf 87' lang='grc'>367</span> <span class='ocrx_word' id='word_1_305' title='bbox 1266 2870 1479 2915; x_wconf 88' lang='lat' dir='ltr'>Occurrit</span> <span class='ocrx_word' id='word_1_306' title='bbox 1501 2876 1536 2913; x_wconf 85' lang='lat' dir='ltr'>D</span> <span class='ocrx_word' id='word_1_307' title='bbox 1567 2871 1655 2928; x_wconf 72' lang='lat' dir='ltr'>fry.</span> <span class='ocrx_word' id='word_1_308' title='bbox 1685 2870 1888 2914; x_wconf 74' lang='lat' dir='ltr'>Monast.</span> 
     </span>
     <span class='ocr_line' id='line_1_39' title="bbox 284 2928 1976 2988; baseline -0.001 -16"><span class='ocrx_word' id='word_1_309' title='bbox 284 2943 310 2972; x_wconf 95' lang='lat' dir='ltr'>o</span> <span class='ocrx_word' id='word_1_310' title='bbox 353 2943 439 2986; x_wconf 83' lang='lat' dir='ltr'>ego</span> <span class='ocrx_word' id='word_1_311' title='bbox 478 2935 531 2975; x_wconf 87' lang='lat' dir='ltr'>P:</span> <span class='ocrx_word' id='word_1_312' title='bbox 581 2943 638 2974; x_wconf 87' lang='lat' dir='ltr'>en</span> <span class='ocrx_word' id='word_1_313' title='bbox 686 2944 772 2988; x_wconf 84' lang='lat' dir='ltr'>ego</span> <span class='ocrx_word' id='word_1_314' title='bbox 813 2947 859 2975; x_wconf 88' lang='grc' dir='ltr'>ω</span> <span class='ocrx_word' id='word_1_315' title='bbox 1004 2934 1090 2974; x_wconf 87' lang='grc'><strong>368</strong></span> <span class='ocrx_word' id='word_1_316' title='bbox 1128 2931 1348 2988; x_wconf 62' lang='grc' dir='ltr'>νίὺεξᾳιιε</span> <span class='ocrx_word' id='word_1_317' title='bbox 1390 2932 1449 2986; x_wconf 81' lang='lat' dir='ltr'>(e)</span> <span class='ocrx_word' id='word_1_318' title='bbox 1488 2933 1522 2972; x_wconf 80' lang='lat' dir='ltr'>B</span> <span class='ocrx_word' id='word_1_319' title='bbox 1667 2933 1752 2972; x_wconf 88' lang='grc'><strong>370</strong></span> <span class='ocrx_word' id='word_1_320' title='bbox 1799 2928 1891 2971; x_wconf 90' lang='lat' dir='ltr'>mei</span> <span class='ocrx_word' id='word_1_321' title='bbox 1924 2933 1976 2971; x_wconf 88' lang='lat' dir='ltr'>P:</span> 
     </span>
    </p>
   </div>
   <div class='ocr_carea' id='block_1_9' title="bbox 2022 0 2092 3172">
    <p class='ocr_par' dir='ltr' id='par_1_19' title="bbox 2022 0 2092 3172">
     <span class='ocr_line' id='line_1_40' title="bbox 2022 0 2092 3172; baseline 0 0"><span class='ocrx_word' id='word_1_322' title='bbox 2022 0 2092 3172; x_wconf 95' lang='lat' dir='ltr'> </span> 
     </span>
    </p>
   </div>
  </div>
 </body>
</html>
