2132 3152
729 141 1072 187 THEBAIDOS
1104 140 1215 185 LIB.
1241 141 1273 185 Ι.
1819 143 1853 195 3

145 279 322 333 Aonia
361 283 414 333 et
453 277 684 351 geminis
726 282 996 349 sceptrum
1036 278 1252 331 exitiale
1292 280 1534 348 tyrannis

144 374 243 409 nec
280 354 437 408 furiis
475 357 599 424 post
639 354 751 406 fata
789 353 1011 407 modum
1052 353 1406 422 flammasque
1444 354 1659 406 rebellis
1796 367 1850 406 35

145 430 406 484 seditione
445 429 565 499 rogi
605 428 936 497 tumulisque
978 429 1214 481 carentia
1252 446 1444 499 regum

145 505 334 557 funera
374 507 428 557 et
467 506 677 575 egestas
718 502 937 556 alternis
977 502 1243 555 mortibus
1284 503 1462 571 urbes,

145 579 354 632 caerula
393 596 557 648 quom
598 577 784 631 rubuit
821 577 1062 630 Lernaeo
1104 577 1365 648 sanguine
1406 577 1568 630 Dirce

145 658 199 707 et
238 653 422 706 Thetis
463 654 662 705 arentis
702 652 986 705 adsuetum
1026 652 1291 723 stringere
1332 652 1478 721 ripas

145 728 359 782 horruit
398 728 606 798 ingenti
645 727 950 780 venientem
990 724 1244 779 Ismenon
1284 744 1485 779 acervo.
1793 740 1848 780 40

146 821 304 872 quem
343 803 494 872 prius
533 802 776 870 heroum,
818 800 951 870 Clio,
991 800 1181 855 dabis?
1222 801 1557 855 inmodicum
1598 802 1708 854 irae

145 877 362 948 Tydea?
401 877 658 947 laurigeri
697 877 903 930 subitos
945 895 1013 929 an
1053 876 1190 929 vatis
1230 875 1452 929 hiatus?

143 955 339 1023 urguet
379 955 433 1004 et
471 951 724 1004 hostilem
763 950 1071 1020 propellens
1113 950 1362 1004 caedibus
1404 969 1616 1003 amnem

145 1027 393 1080 turbidus
431 1026 830 1096 Hippomedon,
868 1025 1239 1095 plorandaque
1278 1025 1420 1078 bella
1458 1025 1702 1095 protervi

143 1101 382 1155 Arcados
423 1104 586 1169 atque
626 1099 733 1154 alio
777 1099 1059 1170 Capaneus
1099 1100 1324 1152 horrore
1364 1100 1646 1154 canendus,
1793 1113 1848 1152 45

218 1177 386 1246 impia
425 1176 534 1228 iam
573 1175 765 1227 merita
805 1178 1077 1228 scrutatus
1115 1175 1323 1227 lumina
1364 1175 1552 1227 dextra

143 1254 403 1304 merserat
442 1253 657 1303 aeterna
698 1250 1011 1302 damnatum
1051 1253 1210 1304 nocte
1250 1249 1512 1319 pudorem

145 1324 446 1395 Oedipodes
485 1325 755 1396 longaque
796 1324 1030 1377 animam
1071 1324 1169 1376 sub
1210 1327 1385 1376 morte
1425 1324 1655 1377 tenebat.

150 1400 304 1454 illum
345 1399 716 1470 indulgentem
756 1399 992 1453 tenebris
1033 1400 1277 1468 imaeque
1317 1417 1528 1453 recessu

145 1475 285 1528 sedis
324 1476 628 1544 inaspectos
671 1475 817 1527 caelo
857 1474 1130 1543 radiisque
1170 1477 1391 1543 penates
1792 1488 1848 1528 50

265 1641 320 1680 36
360 1640 410 1679 Σ
440 1640 488 1691 4,
515 1640 599 1679 641
657 1637 723 1679 sic
771 1638 819 1680 et
864 1635 915 1678 in
960 1635 1133 1692 primo:
1189 1635 1478 1692 tumulisque
1512 1671 1520 1680 .
1550 1670 1558 1679 .
1593 1635 1760 1680 funera

146 1700 199 1739 37
235 1697 367 1740 Auct.
413 1696 554 1741 Class.
596 1696 668 1740 ed.
702 1695 799 1739 Mai
830 1695 894 1738 IX
917 1711 961 1752 p.
991 1699 1074 1739 193
1124 1696 1310 1752 egestus
1358 1695 1483 1739 foras
1533 1695 1728 1739 emissus
1776 1696 1850 1740 vel

143 1757 381 1800 vacuatus.
446 1755 624 1800 Statius
657 1755 944 1799 Thebaidos:
987 1756 1172 1813 egestas
1213 1755 1407 1799 alternis
1448 1755 1677 1799 mortibus
1711 1755 1849 1800 urbes

144 1817 220 1873 (cf.
247 1831 295 1872 p.
320 1817 430 1872 252)
555 1819 610 1858 38
645 1817 721 1860 Ps.
748 1816 871 1860 Acro
894 1814 1003 1858 Hor.
1031 1829 1170 1859 carm.
1197 1819 1236 1868 4,
1258 1820 1297 1869 2,
1319 1819 1374 1859 25
1407 1814 1546 1858 Dirce
1579 1815 1703 1859 enim
1744 1815 1849 1860 fons

146 1877 218 1920 est
264 1875 390 1932 apud
435 1874 634 1920 Thebas.
682 1875 809 1919 unde
856 1874 1054 1919 Statius:
1111 1874 1300 1918 caerula
1348 1890 1453 1918 cum
1494 1910 1503 1919 .
1541 1910 1549 1919 .
1590 1875 1729 1919 Dirce

145 1940 200 1979 41
236 1937 368 1979 Auct.
413 1935 553 1980 Class.
588 1934 659 1978 ed.
693 1935 792 1979 Mai
822 1934 886 1978 IX
919 1949 965 1991 p.
993 1939 1078 1978 336
1118 1933 1381 1978 inmodicus
1422 1935 1451 1978 i.
1492 1934 1847 1991 intemperatus

144 1995 270 2039 unde
303 1994 482 2038 Statius
515 1994 804 2039 Thebaidos:
844 1994 1134 2038 inmodicum
1177 1994 1273 2038 irae
1315 1996 1390 2051 (ne
1422 1995 1535 2051 cod.)
1569 1994 1731 2051 Tydea

146 2060 202 2099 45
234 2058 284 2098 Σ
306 2059 346 2109 8,
366 2058 451 2098 378
475 2055 529 2098 ut
553 2054 654 2110 ipse
680 2054 914 2110 superius:
948 2056 1090 2110 atque
1115 2053 1209 2097 alio
1237 2089 1245 2097 .
1267 2090 1274 2098 .
1303 2054 1539 2098 canendus
1632 2059 1689 2099 48
1714 2058 1764 2098 Σ
1780 2059 1848 2110 11,

146 2119 230 2158 582
263 2117 461 2158 mortem
491 2114 821 2171 inperfectam:
860 2114 1152 2169 caecitatem,
1185 2115 1239 2157 ut
1270 2113 1372 2170 ipse
1397 2114 1447 2157 in
1470 2114 1642 2170 primo:
1685 2113 1850 2171 longa-

146 2187 236 2230 que
269 2175 474 2217 animam
514 2174 599 2217 sub
639 2175 774 2217 nocte
814 2174 1036 2218 trahebat
1075 2175 1287 2231 (apparet
1325 2175 1382 2218 ab
1421 2175 1558 2219 initio
1589 2175 1731 2229 fuisse
1764 2174 1849 2218 sub

143 2235 311 2292 morte)

267 2402 321 2442 35
354 2397 550 2466 fagta—IB
646 2396 845 2442 rebelles
876 2402 909 2440 P
1017 2401 1071 2441 37
1107 2362 1290 2456 εςεεῢέε
1325 2396 1416 2454 (-i-)
1448 2396 1503 2439 1²¹
1611 2400 1666 2440 38
1707 2410 1849 2452 quom

146 2487 383 2532 Klotzius:
424 2469 565 2543 qulam
597 2487 671 2529 Pl:
722 2501 828 2530 cum
867 2502 913 2531 ω
1108 2491 1163 2530 39
1204 2485 1382 2541 Tethys
1425 2487 1471 2528 et
1503 2486 1848 2541 Lachmannus‘,

145 2548 222 2592 sed
238 2548 295 2602 ef.
314 2550 356 2601 5,
369 2550 472 2591 709.
499 2550 647 2600 9,362
680 2546 788 2591 Silv.
809 2550 980 2601 4,6,18
998 2548 1058 2591 al.
1124 2548 1309 2589 arentes
1332 2550 1365 2587 P
1444 2549 1500 2588 40
1522 2545 1768 2589 hismenon
1784 2550 1852 2588 m

147 2611 203 2650 43
229 2605 376 2664 Urget
401 2611 433 2649 P
510 2605 731 2650 hostilem
757 2640 766 2649 .
793 2640 803 2650 .
829 2619 1015 2650 amnem
1045 2609 1242 2654 PBDQG:
1284 2603 1455 2649 hostile
1491 2641 1499 2648 .
1529 2641 1537 2649 .
1573 2618 1743 2663 agmen
1775 2607 1850 2662 (eoe

145 2665 367 2710 hostilem
403 2702 410 2709 .
439 2700 448 2709 .
483 2679 668 2710 amnem
700 2666 775 2719 1⁴¹3
825 2681 880 2711 em
910 2664 1082 2710 hostile
1117 2701 1125 2709 .
1154 2699 1163 2710 .
1198 2678 1335 2709 amne
1367 2663 1439 2722 1²²)
1473 2679 1518 2708 ω
1663 2668 1720 2708 45
1755 2664 1847 2709 alio

146 2730 248 2770 Pw:
299 2725 395 2769 alto
430 2727 789 2770 Friesemannus
822 2726 1021 2781 (Collect.
1055 2726 1153 2770 erit.
1182 2739 1231 2781 p.
1257 2727 1461 2781 204sq.),
1502 2724 1848 2780 Lachmannus,

147 2786 224 2829 sed
247 2785 305 2839 cf.
330 2785 439 2830 silv.
468 2789 510 2839 4,
529 2789 572 2838 1,
589 2789 662 2829 23.
700 2790 741 2839 1,
760 2788 802 2839 5,
819 2789 881 2830 46
904 2785 965 2830 al.
1028 2785 1215 2828 horrere
1248 2800 1271 2828 r
1372 2788 1429 2828 48
1464 2782 1764 2840 Oedippodes
1795 2789 1852 2827 Pf

207 2891 356 2934 morte
387 2894 440 2933 P:
474 2849 610 2933 rss‘iittg
635 2895 691 2934 D:
724 2891 862 2934 nocte
886 2904 932 2934 ω
967 2892 1010 2944 (e
1033 2903 1165 2934 versu
1189 2891 1249 2932 47
1243 2891 1269 2944 )
1333 2886 1528 2931 tenebat
1553 2887 1693 2944 (linea
1718 2888 1850 2942 infra

149 2977 286 3022 ducta
310 2993 340 3022 a
364 2983 435 3033 P‘3
468 2959 652 3032 teiiebat
675 2981 714 3034 r)
740 2983 849 3022 Ρωε
875 2977 1097 3022 trahebat
1122 2981 1171 3022 Σ
1194 2983 1263 3032 11,
1283 2981 1368 3021 582
1389 2992 1414 3025 ς

1524 3056 1545 3094 1
1559 3050 1580 3074 *
