2040 3164
197 73 309 125 264
795 72 844 117 P.
877 73 950 117 PA
958 72 1081 116 P1N1
1114 73 1302 144 STATIV

198 208 640 278 praecipitantem
681 212 826 261 artus
867 212 920 261 et
958 209 1079 278 plus
1121 227 1280 278 quam
1319 210 1490 279 possit
1529 213 1742 263 euntem
1805 224 1893 264 480

199 285 515 336 sustentant.
591 284 738 335 venit
779 286 900 336 ante
938 282 1137 351 hostes,
1177 287 1231 336 et
1269 286 1483 353 pectore
1522 284 1664 336 nudo

198 357 430 410 claustra
469 357 692 410 adversa
729 357 856 410 ferit
894 358 1243 426 tremulisque
1281 358 1575 411 ululatibus
1617 363 1732 411 orat

197 431 430 483 admitti:
474 431 721 484 ‘reserate
760 431 923 484 viam!
962 436 1119 503 rogat
1157 432 1323 500 impia
1361 432 1490 485 belli

198 509 390 575 mater3
430 505 488 558 in
525 505 609 557 his
650 505 869 574 aliquod
907 507 990 559 ius
1031 506 1355 559 exsecrabile
1395 508 1581 560 castris

196 579 324 632 huic
363 583 515 632 utero
556 580 670 632 est.'
749 580 945 649 trepidi
984 580 1155 633 visam
1196 598 1453 650 expavere
1493 581 1718 650 manipli
1806 595 1892 635 485

197 653 543 723 auditamque
583 653 777 724 magis3
816 658 1019 706 remeat
1058 656 1165 707 iam
1203 657 1398 708 missus
1438 654 1667 708 Adrasto

195 728 442 780 nuntius:
483 728 758 797 excipiunt
796 728 929 781 iussi
966 729 1278 798 mediosque
1316 748 1412 799 per
1451 748 1601 782 enses

198 802 326 855 dant
366 803 480 855 iter.
558 803 652 854 illa
691 802 850 855 duces
889 806 952 855 ut
989 803 1222 872 primum
1262 804 1472 873 aspexit
1509 803 1759 874 Achivos,

197 876 485 930 clamorem
524 876 850 929 horrendum
890 877 1041 931 luctu
1079 878 1276 931 furiata
1314 877 1556 931 resolvit:

199 949 460 1021 ‘Argolici
498 969 759 1020 proceres,
799 952 980 1020 ecquis
1020 953 1397 1005 monstraverit
1437 952 1660 1023 hostem,
1804 968 1893 1007 490

198 1043 357 1093 quem
395 1025 613 1094 peperi?
655 1043 884 1094 quanam
925 1026 1206 1096 inveniam,
1247 1027 1380 1079 mihi
1420 1027 1593 1096 dicite,
1630 1031 1817 1081 natum

199 1100 297 1152 sub
339 1099 546 1169 galea?'
586 1100 733 1152 venit
771 1101 1031 1153 attonitae
1074 1099 1352 1154 Cadmeius
1392 1101 1549 1154 heros

197 1173 403 1243 obvius,
443 1178 496 1226 et
534 1177 742 1243 raptam
779 1173 1013 1227 lacrimis
1053 1175 1411 1245 gaudentibus
1451 1176 1621 1244 inplet

197 1249 508 1317 solaturque
547 1251 749 1317 tenens,
789 1251 950 1317 atque
988 1249 1128 1301 inter
1167 1249 1378 1320 singula
1417 1255 1658 1320 matrem,

196 1326 421 1375 matrem
439 1323 611 1392 iterat,
627 1340 768 1375 nunc
785 1323 956 1393 ipsam
974 1329 1222 1393 urguens,
1239 1343 1382 1378 nunc
1401 1342 1520 1377 cara
1538 1342 1779 1378 sororum
1805 1339 1892 1379 495

196 1400 426 1465 pectora,
466 1414 586 1449 cum
626 1397 795 1449 mixta
833 1397 990 1450 fletus
1031 1417 1163 1451 anus
1204 1402 1414 1467 asperat
1453 1399 1552 1452 ira:

199 1470 350 1539 ‘quid
388 1470 579 1524 molles
618 1472 866 1524 lacrimas
906 1473 1308 1542 venerandaque
1347 1473 1566 1526 nomina
1603 1474 1780 1544 fingiS,

195 1563 286 1597 rex
327 1543 543 1615 Argive,
583 1545 753 1597 mihi?
794 1546 923 1615 quid
962 1548 1099 1599 colla
1137 1547 1472 1616 amplexibus
1512 1547 1682 1601 ambis

196 1618 531 1687 invisamque
572 1621 700 1672 teris
738 1620 937 1673 ferrato
976 1623 1191 1689 pectore
1230 1621 1490 1675 matrem?

195 1697 323 1745 tune
364 1694 454 1746 ille
494 1694 682 1746 exsilio
723 1713 890 1765 vagus
931 1698 984 1747 et
1021 1695 1343 1748 miserabilis
1382 1695 1615 1765 hospes?
1805 1710 1892 1750 500

198 1785 356 1836 quem
396 1785 506 1820 non
545 1769 877 1836 permoveas!
915 1769 1108 1839 Longae
1150 1773 1242 1822 tua
1281 1770 1424 1823 iussa
1465 1771 1711 1823 cohortes

199 1844 500 1911 expectant,
538 1842 817 1911 multoque
856 1843 997 1896 latus
1036 1844 1406 1915 praefulgurat
1445 1863 1582 1898 ense.

197 1935 227 1968 a
267 1916 490 1968 miserae
528 1918 746 1970 matres!
787 1917 930 1970 hunc
967 1921 1021 1971 te
1059 1921 1349 1987 noctesque
1389 1918 1609 1988 diesque

317 2052 404 2092 480
435 2047 586 2105 possit
616 2053 669 2091 P:
703 2049 862 2104 posset
893 2050 965 2098 (ex
995 2048 1056 2092 -it
1089 2049 1161 2106 αἱ)
1195 2064 1239 2093 ω
1361 2053 1445 2092 481
1481 2051 1528 2093 et
1560 2064 1626 2094 w:
1661 2050 1742 2094 sed
1769 2054 1802 2093 Ρ

197 2110 282 2150 482
317 2106 479 2151 Castra
510 2113 577 2150 Dr
667 2107 789 2165 {erit
821 2109 923 2163 (t-?)
955 2112 977 2150 f
1065 2122 1176 2163 —que
1201 2122 1284 2153 om.
1309 2113 1342 2151 P
1463 2113 1548 2152 483
1580 2111 1812 2153 reseratae
1835 2115 1889 2154 P:

196 2180 295 2210 -are
320 2181 365 2211 ω
473 2171 559 2210 484
585 2166 867 2210 exsecrabile
892 2171 1002 2211 Pw:
1029 2167 1262 2211 exorabile
1290 2168 1494 2213 Kochius
1518 2171 1640 2212 1865
1658 2183 1706 2225 p.
1729 2172 1779 2213 9:
1804 2169 1890 2212 im—

871 2236 919 2259 ex

195 2269 426 2326 petr-abile
443 2271 680 2315 Bentleius
772 2274 856 2313 485
876 2273 1092 2326 etpavere
1109 2270 1165 2316 ν’
1238 2271 1546 2330 manipli{(-s)
1563 2276 1590 2315 b
1683 2276 1769 2316 486
1794 2272 1889 2316 iam

195 2328 365 2372 missus
397 2330 444 2387 (Ξ
473 2329 568 2373 iam
593 2345 651 2374 m.
684 2334 742 2385 M,
783 2344 895 2374 eras.
930 2332 1058 2388 -que)
1090 2345 1157 2375 w:
1191 2331 1410 2375 inmissus
1440 2336 1493 2375 P:
1535 2345 1640 2374 cum
1669 2331 1890 2376 inmissus

196 2389 446 2444 Baehrens,
477 2389 555 2434 sed
585 2390 641 2444 cf.
674 2392 714 2443 7,
731 2392 805 2433 23.
834 2393 904 2443 10,
922 2394 951 2434 4
1071 2394 1155 2433 487
1180 2391 1452 2446 mediosque
1477 2405 1532 2435 ex
1554 2404 1721 2446 -usque
1745 2390 1801 2433 Ρ1

197 2451 283 2491 488
316 2448 505 2504 expavit
529 2448 686 2492 achios
711 2463 734 2490 r
824 2452 910 2491 489
935 2447 1097 2507 luctu}
1123 2453 1156 2492 B
1248 2453 1334 2493 490
1366 2450 1525 2506 ecquis
1558 2453 1599 2507 (c
1623 2451 1675 2494 in
1697 2464 1789 2495 ras.
1814 2450 1889 2506 B1)

195 2554 293 2595 PB:
327 2551 369 2595 ei
402 2551 506 2607 quis
539 2566 606 2596 w:
640 2553 687 2595 et
719 2551 824 2607 quis
858 2556 910 2600 Q:
945 2518 996 2606 ἐξ
1024 2553 1127 2608 quis
1152 2553 1203 2596 b¹
1293 2553 1620 2597 monstraverit
1651 2567 1706 2598 ex
1736 2555 1807 2597 —at
1832 2554 1889 2602 α’

285 2658 372 2697 492
406 2629 646 2699 antonitae
674 2659 700 2698 b
794 2656 1054 2700 cathmeius
1085 2660 1130 2699 M
1220 2656 1354 2700 hores
1387 2660 1419 2699 L
1541 2661 1625 2700 496
1658 2617 1801 2715 11θέ118
1833 2657 1889 2699 Ρι

285 2746 370 2785 497
404 2742 562 2800 fungis
593 2758 617 2786 r
737 2748 823 2788 499
857 2725 1028 2799 ΐθττδὺο
1062 2744 1119 2793 Q¹
1240 2749 1325 2788 500
1357 2744 1438 2788 ille
1471 2759 1553 2789 om.
1581 2745 1672 2800 0¹1,
1705 2746 1810 2790 add.
1837 2745 1890 2787 c’·

286 2801 443 2845 exillio
475 2807 528 2846 1²:
571 2802 739 2860 οΧίΞΗο
771 2819 814 2858 μ
943 2808 1026 2848 501
1070 2803 1218 2857 Quam
1251 2804 1539 2862 Peyraredfus
1666 2808 1751 2849 502
1783 2818 1890 2861 pre-

196 2871 402 2947 fulggrat
433 2890 489 2932 13¹
611 2895 696 2934 503
729 2906 851 2935 nunc
883 2897 919 2935 n
