2066 3178
681 104 963 151 EDITORIS
994 103 1339 150 PRAEFATIO
1755 103 1861 148 XXI

159 253 363 298 nuinam
387 250 645 298 lectionem
673 253 715 297 et
731 249 948 308 oloriferi
973 263 1120 310 quam
1147 240 1215 295 12¹
1232 246 1453 309 praebet,
1479 249 1726 295 corrector
1749 261 1858 308 pes-

159 325 408 375 sumdedit
451 324 620 373 addito
662 338 795 385 -que,
841 322 927 371 sed
968 322 1063 370 hoc
1102 338 1160 370 ex
1204 321 1370 369 codice
1412 321 1582 383 aliquo
1629 336 1857 369 manasse

158 400 440 449 ostenditur
471 414 713 448 consensu
738 397 960 447 codicum
984 400 1283 456 DMfguv.
1335 396 1381 457 5,
1409 397 1514 443 462
1549 397 1730 444 lemnos
1762 397 1857 443 cla-

156 479 319 524 matur
359 477 435 523 est
473 474 620 523 lectio
660 466 742 534 ΕΙ,
783 474 1050 522 celebratur
1089 487 1242 533 supra
1282 469 1476 519 addidit
1507 472 1594 533 ΙΝ,
1626 473 1859 518 neutrum

156 566 255 598 non
281 550 391 598 aliis
417 548 666 597 codicibus
690 548 923 596 traditur.
980 546 1211 596 similiter
1237 547 1321 606 10,
1342 546 1446 593 218
1473 545 1617 594 Solus
1641 560 1692 594 eo
1718 549 1859 605 atquc

156 626 274 673 adeo
306 626 436 673 venit
463 625 546 672 ille
577 617 658 678 11¹,
691 623 834 671 Solus
866 637 916 670 eo
947 621 1079 670 solus
1110 621 1241 669 venit
1270 621 1352 668 ille
1383 621 1468 668 11⁰.
1529 620 1658 668 mira
1691 622 1857 668 autem

154 715 231 748 res
265 702 340 748 est
372 700 420 760 8,
448 700 554 747 614
594 698 681 746 ubi
719 698 879 746 Natat
915 698 1046 745 recte
1079 690 1147 744 L¹
1187 694 1432 757 exaravit,
1472 694 1606 743 idem
1645 694 1858 743 totidem

154 774 334 822 litteris
368 776 437 822 12⁰
472 788 623 836 supra
647 774 860 835 scripsit,
892 771 1020 819 unde
1051 772 1260 834 apparet
1290 772 1343 817 in
1373 769 1502 818 libro
1528 786 1558 817 a
1583 772 1856 818 correctore

155 849 379 897 adhibito
405 850 557 897 aliam
581 849 733 896 fuisse
758 849 812 895 in
835 849 943 909 ipso
961 848 1195 894 contextu
1210 845 1475 893 lectionem
1491 872 1564 878 —-
1582 846 1672 893 aut
1689 845 1859 893 Mutat

156 918 248 990 (sic
273 918 340 989 P)
375 926 464 972 aut
494 923 546 970 id
572 922 703 985 quod
735 922 838 970 veri
872 921 1083 970 similius
1109 922 1184 968 est
1208 920 1380 969 Nutrit
1410 912 1507 987 (sic
1531 913 1742 987 grluv)
1770 946 1855 980 —‚

153 999 310 1047 Natat
341 1001 508 1046 autem
540 1014 693 1060 supra
718 997 944 1045 additum
968 998 1025 1043 ut
1049 997 1243 1044 variam
1267 996 1545 1044 lectionem.
1593 995 1743 1057 plane
1776 1011 1853 1042 ea-

151 1074 261 1122 dem
293 1075 487 1121 ratione
529 1072 849 1134 explicandus
891 1074 965 1119 est
1004 1072 1142 1119 locus
1176 1073 1223 1132 4,
1254 1071 1356 1119 786
1386 1063 1543 1136 (779)
1578 1069 1667 1117 ubi
1689 1071 1853 1132 ponit-

152 1164 241 1209 que
271 1142 354 1208 L1‚
382 1150 555 1209 {ponit
585 1149 672 1209 12⁰,
706 1149 851 1209 quasi
885 1146 1022 1195 aliud
1053 1145 1286 1193 librarius
1319 1144 1610 1208 scripsisset.
1675 1144 1853 1206 quibus

151 1224 387 1286 exemplis
418 1223 809 1271 luculentissime
843 1222 1228 1281 demonstratur,
1261 1222 1569 1283 quantopere
1603 1219 1853 1268 codicibus

150 1299 281 1347 inter
313 1314 363 1347 se
397 1297 592 1350 collatis
626 1299 676 1345 et
707 1296 1004 1345 lectionibus
1029 1295 1287 1360 permixtis
1313 1295 1535 1343 familiae
1562 1295 1852 1343 coniunctae

149 1375 250 1422 sint
281 1373 361 1421 vel
392 1374 638 1421 turbatae.
702 1371 836 1420 idem
868 1373 1079 1434 apparet
1119 1371 1229 1418 aliis
1271 1386 1468 1432 quoque
1500 1370 1637 1430 locis,
1672 1369 1852 1432 quibus

149 1448 502 1511 explicationes
544 1448 832 1496 correctoris
880 1462 979 1494 non
1019 1445 1320 1508 respondent
1359 1444 1654 1493 lectionibus
1696 1444 1852 1507 ipsius

149 1523 344 1571 codicis.
408 1523 547 1571 velut
580 1524 627 1582 3,
655 1523 760 1570 280
794 1522 878 1570 ubi
910 1521 1145 1569 librarius
1177 1522 1399 1582 scripsit:

295 1612 456 1660 Arma
489 1614 575 1660 tibi
605 1613 688 1660 sed
719 1612 939 1672 scopulos
971 1614 1014 1660 et
1045 1626 1171 1659 aena
1194 1611 1445 1671 precamdo
1478 1626 1576 1672 eqs.

149 1726 275 1772 quae
314 1710 463 1758 lectio
513 1726 569 1758 eo
617 1711 784 1757 minus
826 1709 986 1771 ipsius
1030 1708 1374 1773 neglegentiae
1419 1707 1628 1755 attribui
1670 1709 1850 1770 potest,

149 1785 281 1846 quod
305 1785 477 1832 eadem
501 1785 682 1832 lacuna
698 1784 979 1832 Puteaneus
1006 1799 1201 1846 quoque
1227 1783 1439 1843 laborat,
1465 1782 1638 1830 eadem
1661 1783 1716 1830 in
1742 1784 1849 1845 qui-

145 1859 354 1907 busdam
387 1859 636 1908 codicibus
661 1862 845 1908 temere
872 1859 1069 1920 expleta
1101 1861 1189 1920 est,
1223 1874 1336 1906 cum
1367 1858 1450 1906 scd
1482 1858 1600 1917 quaid
1631 1859 1851 1918 scopulos

147 1935 388 1997 scriptum
428 1935 495 1982 sit
532 1934 585 1982 in
616 1937 875 1993 ΜῘὈμνε
916 1936 1089 1982 contra
1128 1934 1376 1998 glossator
1406 1934 1491 1993 12⁰,
1534 1934 1620 1994 qui
1661 1931 1852 1994 eclipsis

146 2025 299 2071 supra
332 2009 608 2069 adnotavit,
640 2010 814 2072 procul
846 2008 996 2056 dubio
1028 2009 1082 2056 in
1115 2023 1202 2057 suo
1236 2007 1401 2056 codice
1435 2007 1559 2070 legit

295 2097 456 2147 Arma
481 2100 580 2154 tibi,
615 2102 667 2146 tu
697 2126 758 2132 —
786 2100 871 2147 sed
903 2099 1122 2159 scopulos
1156 2102 1199 2146 et
1229 2113 1356 2146 aena
1380 2097 1630 2158 precando
1665 2113 1764 2159 eqs.

147 2213 272 2259 quae
307 2198 382 2244 est
412 2197 717 2258 reliquorum
749 2196 973 2244 codicum
1005 2197 1266 2258 scriptura.
1330 2210 1532 2257 prorsus
1565 2194 1740 2243 similis
1775 2197 1850 2244 est

144 2288 220 2320 res
241 2273 286 2332 2,
311 2272 430 2331 187,
455 2271 541 2318 ubi
562 2271 606 2317 T
603 2287 638 2318 u
653 2272 837 2331 poteris
855 2272 1053 2319 thebana
1070 2272 1206 2331 queri
1223 2263 1291 2319 Ll
1308 2271 1507 2331 scripsit
1525 2285 1637 2318 cum
1653 2263 1848 2325 MGQ,1

143 2339 296 2407 K2v2,
321 2345 406 2394 sed
422 2347 494 2393 ΠΤ
519 2362 632 2393 cum
656 2348 812 2407 fratre
835 2347 1003 2394 melior
1026 2346 1383 2408 interpretatus
1409 2346 1490 2406 sit,
1514 2360 1612 2392 non
1639 2344 1847 2392 dubium

145 2423 232 2481 est,
266 2422 387 2483 quin
421 2420 634 2482 explicet
665 2421 926 2469 lectionem
969 2421 1046 2468 Tu
1068 2422 1232 2482 potior
1264 2435 1379 2481 eqs.,
1420 2436 1547 2481 quae
1587 2421 1641 2467 in
1673 2419 1845 2482 pleris-

145 2512 240 2557 que
287 2495 427 2543 libris
466 2496 731 2543 invenitur.
812 2497 964 2544 etiam
1007 2498 1054 2558 8,
1088 2496 1156 2544 48
1208 2511 1237 2543 a
1275 2494 1481 2542 librario
1521 2492 1765 2543 Accedam
1806 2499 1848 2544 et

142 2570 277 2617 haud
319 2573 503 2618 temere
548 2572 805 2618 exaratum
850 2586 952 2619 esse
998 2585 1236 2619 consensu
1281 2569 1461 2617 codicis
1504 2573 1543 2617 C
1587 2569 1846 2632 probatur,

143 2647 310 2693 tamen
358 2647 680 2693 correctorem
725 2647 810 2707 qui
857 2646 1140 2694 Mercurius
1180 2645 1556 2707 suprascripsit,
1596 2660 1696 2693 non
1736 2644 1844 2707 hoc,

142 2736 316 2768 verum
335 2718 574 2768 Arcadem
599 2724 639 2768 et
657 2713 751 2786 (sic
769 2713 840 2787 ω)
867 2719 963 2768 sibi
985 2719 1416 2782 interpretandum
1439 2721 1644 2780 putasse
1671 2719 1842 2768 elucet.

142 2809 231 2842 nec
270 2795 432 2842 minus
480 2793 784 2842 dissentiunt
833 2789 901 2843 Ll
945 2797 995 2843 et
1044 2796 1117 2842 L⁰
1163 2795 1208 2856 9,
1248 2795 1352 2842 499
1400 2793 1484 2841 ubi
1527 2785 1595 2841 Ll
1638 2795 1842 2843 dimissa

144 2870 344 2931 scripsit
382 2885 472 2931 pro
513 2869 725 2918 demissa
763 2870 902 2918 facili
946 2884 1134 2930 errore,
1174 2868 1259 2918 sed
1308 2884 1404 2931 quo
1445 2869 1692 2917 consentit
1732 2885 1843 2917 cum

143 2942 410 3004 Puteane0‚
442 2959 610 2992 veram
643 2942 906 2993 lectionem
937 2946 1010 2992 L⁰
1042 2943 1258 3006 explicat
1289 2959 1408 2992 voce
1440 2944 1677 2991 deorsum.
1727 2960 1842 2992 eun-
