2132 3152
479 62 515 69 Ἀ

247 113 435 157 LXXVI
763 111 1044 156 EDITORIS
1079 110 1420 155 PRAEFATIO

247 253 339 301 bus
379 255 470 301 aut
506 253 666 300 tribus
707 252 956 300 codicibus
997 252 1165 300 electis
1204 253 1509 314 reliquorum
1547 253 1746 301 turbam
1775 254 1940 317 negle-

248 329 442 387 xissem,
466 328 759 389 praesertim
785 342 895 374 cum
919 326 1122 374 minime
1148 341 1316 374 omnes
1335 325 1467 374 Stati
1491 327 1682 376 codices
1702 329 1811 376 noti
1827 328 1939 375 sint.

361 402 446 449 sed
484 403 778 464 priusquam
810 401 1111 449 Thebaidem
1150 401 1334 449 multos
1365 401 1628 465 vigilatam
1666 418 1756 463 per
1787 417 1940 450 annos

248 477 302 523 in
333 475 588 538 publicum
621 476 918 536 emittimus,
950 476 1140 539 gratias
1173 490 1320 538 agere
1352 475 1492 523 decet
1525 478 1594 524 eis
1635 476 1816 537 quibus
1856 475 1939 523 ad-

246 550 494 598 iutoribus
543 549 765 611 quolibet
809 550 954 597 modo
1001 551 1054 597 in
1098 565 1156 597 ea
1202 549 1390 597 edenda
1433 565 1550 597 usus
1590 565 1712 598 sum.
1791 552 1941 612 atque

249 624 477 686 inprimis
510 627 566 671 ut
598 624 887 672 collationes
920 623 1144 672 codicum
1175 624 1281 686 ipse
1313 624 1614 686 conficerem,
1647 624 1836 672 factum
1868 627 1943 673 est

248 698 433 760 insigni
472 698 776 746 liberalitate
814 699 1179 760 praefectorum
1217 698 1630 746 bibliothecarum
1669 698 1940 760 Lipsiensis

248 772 859 821 Mediceo-Laurentianae
882 772 1191 820 Monacensis
1207 771 1476 835 Parisinae‚
1501 774 1587 835 qui
1613 773 1802 821 codices
1819 773 1941 819 mihi

173 912 177 916 Δ
249 847 490 895 miserunt
536 848 615 895 vel
657 846 788 909 apud
839 863 890 896 se
932 849 990 894 ut
1032 847 1306 895 conferrem
1347 848 1691 909 permiserunt.
1767 847 1941 894 deinde

251 919 450 969 Ottonis
481 921 681 968 Mulleri
719 921 825 969 filia
856 921 1146 970 collationes
1179 924 1230 969 et
1261 921 1323 968 ab
1355 923 1465 984 ipso
1496 923 1640 983 patre
1673 924 1722 968 et
1751 921 1804 968 in
1838 923 1940 969 eius

248 1010 393 1043 usum
426 995 487 1043 ab
521 996 632 1043 aliis
655 997 778 1044 viris
811 995 967 1043 doctis
1000 996 1248 1044 confectas
1279 996 1403 1043 mihi
1433 995 1699 1043 tradendas
1731 996 1941 1056 curavit,

249 1085 310 1116 ne
341 1071 498 1132 patris
532 1070 731 1134 egregia
763 1070 823 1118 de
856 1068 1018 1118 Statio
1050 1069 1228 1117 merita
1260 1070 1488 1118 laterent.
1550 1070 1604 1116 in
1636 1070 1940 1134 corrigendis

250 1146 420 1192 autem
450 1144 670 1207 plagulis
703 1145 851 1193 amici
883 1144 1093 1192 Ioannes
1117 1143 1299 1192 Lamer
1323 1144 1594 1206 Lipsiensis
1628 1146 1679 1192 et
1703 1143 1941 1206 Georgius

249 1217 465 1266 Lehnert
498 1217 741 1267 Gissensis
774 1218 930 1267 otium
964 1234 1106 1266 suum
1140 1219 1378 1266 collocare
1410 1235 1509 1267 non
1533 1218 1790 1282 dedignati
1812 1220 1940 1266 sunt.

362 1324 538 1385 scripsi
570 1323 892 1387 Argentorati
924 1338 1091 1371 mense
1122 1323 1354 1371 Ianuario
1391 1324 1546 1371 1908.

1391 1435 1652 1490 Alfrcdus
1685 1435 1866 1490 Klotz.
