2132 3152
682 97 962 142 EDITORIS
995 97 1339 142 PRAEFATIO
1673 98 1860 141 LXXIII

159 243 201 290 B
213 258 242 290 a
252 259 277 290 e
287 241 353 289 hr
363 257 387 289 e
397 258 430 289 n
440 256 461 289 s
502 241 810 289 coniecturas
851 255 968 287 suas
1017 255 1105 302 per
1151 240 1347 287 litteras
1391 254 1502 286 cum
1541 239 1858 288 Kohlmanno

233 316 629 364 communicavit.

159 392 200 439 B
213 390 401 440 arthii
432 390 584 438 editio
608 391 724 451 post
747 391 959 436 mortem
984 389 1200 437 auctoris
1226 388 1417 450 prodiit
1442 388 1672 452 Gygneae
1702 393 1726 437 1
1738 392 1765 437 6
1775 390 1803 436 6
1813 391 1858 437 4.

158 466 199 514 Β
211 482 235 514 e
246 483 278 513 n
288 465 336 513 tl
347 482 371 512 e
382 466 427 512 ii
482 465 789 512 coniecturas
837 463 1089 525 Hauptius
1147 463 1304 512 edidit
1351 456 1542 530 (opusc.
1592 463 1669 511 III
1716 468 1741 511 1
1752 465 1782 511 8
1791 466 1818 510 7
1828 465 1856 511 6

232 557 278 603 p.
309 540 489 588 126-
497 531 639 603 136).

157 613 199 662 Β
212 631 236 662 e
246 632 312 662 111
324 615 472 663 artii
504 614 656 661 editio
689 571 996 675 Antverpiae
1033 616 1059 661 1
1070 615 1191 661 595.

158 689 199 737 B
209 691 259 737 it
271 704 291 736 s
302 689 370 737 eh
381 705 408 736 o
418 689 470 736 fs
481 689 514 735 k
521 705 556 750 y
588 689 646 736 de
678 685 987 748 Apollinaris
1009 687 1203 736 Sidonia·
1227 689 1402 736 studiis
1426 687 1665 752 Statianis
1702 690 1727 735 1
1737 689 1767 736 8
1776 689 1804 735 8
1815 691 1859 736 1.

157 763 199 811 Β
209 780 245 811 11
254 780 339 812 1111
350 780 417 811 an
430 762 490 810 ni
524 763 834 810 coniecturae
876 779 933 809 ex
965 763 1156 810 Menkii
1196 762 1388 812 schedis
1422 762 1555 825 apud
1587 762 1859 810 Kohlman-

231 855 351 886 num
381 839 676 885 referuntur.

156 912 345 975 Buryi
376 914 688 961 coniecturae
722 912 854 974 apud
880 911 1204 960 Wilkinsium
1235 915 1596 975 proponuntur.

157 995 201 1041 D
213 1011 238 1042 e
247 996 306 1056 ip
318 1010 339 1042 s
350 1011 429 1056 er,
463 995 521 1042 de
552 995 606 1041 P.
641 995 851 1054 Papinio
890 993 1045 1042 Statio
1081 995 1282 1054 Veryilz'i
1323 997 1366 1042 et
1407 993 1568 1043 Ovidii
1606 996 1859 1043 imitatore.

233 1069 345 1118 diss.
379 1069 585 1132 Argent.
623 1070 652 1116 5
689 1061 742 1135 (1
753 1069 819 1116 88
830 1062 898 1134 1).

156 1143 200 1190 D
214 1144 386 1206 eiter,
419 1144 601 1191 Philol.
639 1144 703 1191 57
743 1137 826 1209 (N.
853 1143 906 1191 F.
937 1147 962 1191 1
975 1137 1028 1211 1)
1067 1144 1208 1191 1898
1244 1160 1288 1206 p.
1319 1145 1422 1192 343
1435 1146 1625 1192 —344.

156 1218 200 1265 D
212 1219 332 1266 ilth
342 1235 366 1266 e
375 1237 409 1281 y
443 1219 507 1266 ad
540 1219 630 1266 Th.
659 1219 705 1278 6,
726 1219 830 1266 543
868 1218 1003 1281 apud
1032 1218 1301 1266 Miillerum
1334 1219 1582 1267 laudatur.

157 1293 329 1341 Diibn
340 1310 363 1340 e
374 1295 427 1340 ri
458 1293 612 1341 editio
645 1293 848 1341 Parisiis
886 1297 911 1341 1
922 1293 1044 1341 835.

156 1375 197 1422 E
210 1375 317 1424 llis
326 1377 374 1423 ii
404 1377 716 1424 coniecturae
751 1375 884 1437 apud
918 1373 1218 1423 Garrodium
1250 1378 1460 1425 exstant.

156 1451 196 1497 Ε
207 1449 332 1498 rdm
343 1467 478 1511 ann,
522 1449 824 1498 Collectanea
863 1450 1027 1498 Fleek.
1061 1450 1234 1498 Jahrb.
1273 1453 1296 1497 1
1309 1454 1334 1499 1
1345 1453 1373 1499 9
1419 1445 1548 1517 (187
1559 1444 1614 1518 9)
1655 1468 1703 1513 p.
1739 1452 1861 1499 832.

157 1532 568 1593 Friesemann,
599 1531 840 1580 Analecta
872 1533 1039 1580 critica
1076 1533 1216 1580 1786
1251 1550 1298 1595 p.
1328 1534 1635 1581 203—227.

158 1604 439 1663 Gar'rodii
472 1614 623 1662 editio
658 1612 838 1662 Oxonii
873 1615 1030 1663 1906.

159 1688 442 1738 Grevartii
474 1688 626 1737 editio
659 1688 894 1752 Lugduni
925 1690 1234 1738 Batavorum
1270 1690 1426 1737 1616.

159 1762 454 1811 Gronovii
487 1764 638 1812 editio
671 1763 1076 1813 Amstelodamae
1113 1765 1271 1814 1653.

232 1839 291 1886 ef.
319 1837 559 1887 Gronovii
588 1839 641 1886 111
667 1838 721 1886 P.
748 1839 950 1899 Papim'i
972 1838 1118 1887 Statii
1141 1839 1392 1887 Silvarum
1416 1839 1565 1888 libros
1592 1840 1639 1888 V
1657 1841 1863 1888 diatribe

235 1913 375 1961 1637
410 1906 510 1980 (ed.
541 1913 704 1974 Hand,
737 1913 939 1976 Lipsiae
974 1907 1157 1980 1812).

158 1984 407 2035 Gruteri
439 1987 591 2036 editio
623 1987 983 2053 Heidelbergae
1021 1990 1178 2038 1600.

232 2063 290 2110 ef.
325 2061 527 2110 Gruteri
557 2064 855 2123 suspiciones
879 2064 932 2111 111
955 2063 1100 2111 Statii
1127 2064 1272 2112 Theb.
1297 2065 1404 2112 libr.
1431 2065 1469 2111 I
1494 2079 1602 2112 cum
1634 2065 1862 2113 animad-

231 2138 533 2185 versionibus
564 2138 625 2185 F.
651 2138 862 2186 Handii.
925 2138 1094 2203 Progr.
1128 2138 1284 2187 Jenae
1321 2140 1478 2186 1851.

159 2209 340 2258 Gudii
379 2213 691 2260 coniecturae
741 2229 799 2260 ex
838 2213 1027 2261 Menkii
1068 2213 1259 2262 schedis
1309 2214 1442 2277 apud
1490 2213 1862 2262 Kohlmannum

230 2286 528 2335 referuntur.

158 2359 381 2422 Guyeti
413 2361 868 2410 animadversiones
908 2363 962 2409 in
994 2364 1220 2412 versione
1255 2362 1449 2411 Gallica
1482 2366 1680 2411 exstant
1713 2379 1861 2425 quam

232 2434 389 2483 edidit
418 2435 634 2484 Michael
666 2436 725 2483 de
757 2436 990 2485 Marolles
1023 2437 1231 2487 Parisiis
1268 2439 1425 2486 1658.

234 2510 294 2557 ef.
327 2509 372 2557 J.
407 2510 512 2571 Uri,
544 2510 788 2570 Fransois
815 2510 975 2572 ngjet
1005 2512 1148 2560 Paris
1185 2513 1341 2560 1886.

158 2582 217 2630 D.
259 2587 316 2632 et
354 2584 414 2631 N.
456 2585 844 2633 Heinsiorum
893 2588 1205 2635 coniecturae
1253 2604 1310 2634 ex
1351 2587 1542 2635 Menkii
1581 2587 1772 2636 schedis
1813 2589 1862 2636 et

234 2660 475 2720 excerptis
508 2659 912 2709 Berolinensibus
945 2661 1078 2723 apud
1110 2662 1377 2710 Mffllerum
1411 2665 1460 2708 et
1490 2660 1862 2709 Kohlmannum

232 2733 515 2781 laudantur.

157 2813 352 2905 Helm,
385 2817 443 2863 de
474 2816 527 2864 P.
554 2817 757 2876 Papinii
787 2816 932 2864 Statii
966 2818 1216 2866 Thebaide
1252 2812 1455 2883 18921)

282 2937 322 2991 1)
354 2935 404 2978 111
436 2904 548 2979 no—ta
582 2935 642 2978 ad
675 2940 716 2990 6,
743 2941 795 2979 51
832 2936 1071 2992 adscripta
1104 2950 1256 2981 errore
1292 2941 1405 2981 1896
1439 2937 1627 2994 legitur.
