2066 3178
215 103 322 150 XIV
729 102 1010 148 EDITORIS
1041 101 1385 148 PRAEFATIO

213 246 407 308 reliquo
434 240 602 294 codice
627 247 881 310 grassatus
906 246 1005 306 est,
1037 246 1175 293 cuius
1209 259 1389 307 operae
1415 245 1639 307 exempla
1662 245 1909 307 quaedam

215 337 272 368 ex
295 319 573 368 Achilleide
606 319 842 383 proposui
865 317 1104 367 Achilleis
1126 335 1174 381 p.
1198 318 1377 366 XXVI.
1415 319 1545 367 unde
1570 322 1779 382 apparet
1803 334 1908 369 cor-

212 396 454 443 rectorem
473 388 561 450 'Q2
590 410 737 442 usum
769 409 871 442 esse
903 393 1031 442 libro
1065 393 1267 456 quidem
1299 393 1485 455 aliquo,
1517 393 1600 441 sed
1633 395 1790 442 multo
1823 394 1906 443 de—

212 470 408 517 teriore.
465 485 582 517 nam
613 470 812 530 praeter
836 469 1004 530 ampla
1027 468 1117 515 illa
1141 468 1486 530 supplementa
1511 483 1681 517 versus
1715 467 1908 516 addidit

213 543 292 592 hic
323 543 428 591 illic
453 543 675 606 singulos
701 559 730 590 a
756 536 829 598 Q}
861 544 1081 603 omissos,
1114 542 1252 594 velut
1287 544 1332 604 1,
1360 543 1481 590 399.
1518 543 1564 603 6,
1593 544 1674 591 73.
1711 544 1758 604 6,
1783 543 1905 591 445.

215 619 262 678 9,
290 618 374 665 53.
410 619 455 679 9,
484 618 790 665 637-645.
828 619 910 678 10,
946 618 1066 664 349.
1127 632 1241 664 raro
1279 618 1498 680 nugatus
1538 619 1633 679 est,
1673 619 1813 666 velut
1844 618 1908 666 ad

216 694 261 750 7,
290 692 393 739 259
428 708 544 740 suae
569 692 787 740 fabricae
811 707 1008 741 versum
1033 691 1320 753 adscripsit:
1354 692 1426 739 Et
1451 692 1650 740 bellator
1680 692 1802 740 abas
1823 706 1907 740 ‘no-

211 766 337 814 lebat
365 767 596 814 mandere
625 767 783 827 tabas,

38 842 208 886 Tuum.
324 841 383 888 de
415 841 711 889 lectionibus
752 840 976 889 codicis
1009 841 1376 888 Turonensis
1417 841 1610 888 saeculo
1635 840 1680 887 X
1718 841 1907 903 scripti,

213 918 454 976 quantum
501 915 564 962 ad
610 917 826 977 primum
874 915 1140 963 Thebaidis
1188 914 1371 962 librum
1416 916 1656 977 pertinet,
1704 913 1906 964 Carolus

212 990 393 1038 Wotke
418 991 615 1037 rettulit
639 990 903 1038 collatione
928 988 1045 1038 usus
1071 1005 1101 1038 a
1124 984 1350 1053 Lebegue
1374 989 1482 1038 viro
1508 989 1653 1038 docto
1677 988 1905 1038 Parisino

212 1059 406 1131 factal)
454 1066 540 1126 qui
563 1065 693 1113 binis
727 1065 967 1112 columnis
998 1065 1208 1127 paginas
1242 1065 1546 1126 conscriptas
1579 1080 1683 1113 esse
1715 1065 1908 1112 monuit

212 1155 241 1186 a
265 1139 467 1187 librario
508 1156 683 1201 parum
716 1139 876 1200 docto,
909 1140 996 1200 qui
1026 1138 1179 1188 verba
1217 1139 1503 1200 saepissime
1543 1154 1802 1201 perperam
1835 1139 1905 1187 di-

212 1214 402 1274 stinxit,
434 1213 653 1275 syllabas
685 1214 866 1275 omisit,
905 1215 979 1260 ita
1017 1215 1077 1260 ut
1107 1213 1240 1261 haud
1271 1229 1384 1261 raro
1415 1215 1658 1275 monstra,
1691 1230 1790 1262 non
1822 1231 1907 1263 vo-

212 1288 389 1336 cabula
415 1291 593 1337 extent.
642 1288 702 1335 de
727 1288 846 1336 fatis
880 1290 1046 1335 autem
1071 1287 1187 1335 libri
1212 1289 1317 1352 egit
1339 1287 1619 1350 Leopoldus
1644 1288 1831 1337 Delisle
1841 1282 1906 1355 2):

212 1363 362 1410 codex
394 1363 530 1410 furto
564 1362 798 1425 abreptus
833 1379 857 1409 e
889 1362 1191 1411 bibliotheca
1233 1361 1321 1412 Sti.
1354 1363 1561 1410 Martini
1593 1362 1907 1424 Turonensis,

212 1439 385 1497 postea
410 1437 473 1484 ad
498 1437 862 1485 Bibliothecam
886 1437 1208 1485 Nationalem
1239 1436 1516 1485 Parisinam
1547 1439 1790 1500 pervenit,
1821 1437 1907 1485 ubi

210 1513 341 1559 inter
372 1511 564 1560 codices
604 1512 787 1560 latinos
822 1527 988 1560 recens
1029 1513 1299 1574 acquisitos
1340 1511 1564 1576 signatus
1597 1514 1672 1560 est
1702 1527 1906 1560 numero

215 1587 372 1647 1627,
410 1586 552 1634 nobis
592 1589 667 1634 est
710 1587 888 1634 Turon.
959 1586 1225 1634 dolendum
1264 1588 1339 1635 est
1369 1601 1487 1634 sane
1528 1586 1586 1658 de
1617 1587 1710 1634 hoc
1741 1586 1906 1635 codice

210 1661 424 1722 primum
463 1663 660 1708 tantum
700 1661 881 1709 librum
920 1662 1216 1722 innotuisse,
1257 1659 1341 1708 sed
1373 1676 1484 1708 cum
1515 1660 1759 1708 Roffensis
1790 1661 1906 1709 libri

209 1735 421 1783 maxime
454 1735 617 1783 affinis
651 1737 1005 1784 accuratiorem
1036 1734 1268 1783 notitiam
1302 1734 1608 1796 haberemus,
1640 1735 1905 1783 collatione

210 1811 438 1870 quamvis
471 1825 619 1873 aegre
651 1810 807 1858 careri
839 1825 983 1871 posse
1015 1809 1157 1858 nobis
1191 1811 1353 1858 visum
1387 1811 1473 1857 est.

322 1882 525 1932 Gallicis
558 1883 697 1932 libris
732 1884 938 1933 adnecto

862 2002 1245 2052 Helveticum

142 2111 178 2156 b
321 2107 585 2156 codicem
610 2108 969 2156 Bernensem
998 2108 1115 2155 156
1150 2107 1335 2156 saeculi
1366 2107 1438 2156 XI
1471 2100 1570 2174 (b),
1604 2123 1750 2169 quem
1775 2122 1902 2154 anno

214 2183 350 2230 1901
380 2183 631 2231 Monachii
654 2182 707 2230 in
723 2181 993 2230 Academia
1017 2175 1269 2248 contuli.³)
1301 2181 1428 2230 liber
1449 2182 1638 2230 formae
1663 2180 1903 2246 oblongae

210 2271 240 2302 a
278 2256 467 2305 duobus
507 2256 725 2305 librariis
765 2256 977 2318 scriptus
1017 2257 1112 2319 est,
1154 2271 1363 2317 quorum
1403 2257 1530 2304 alter
1567 2256 1650 2304 fol.
1683 2256 1905 2304 1²”—--59v

209 2323 264 2396 (i.
292 2331 442 2378 Theb.
472 2333 518 2393 1,
547 2333 704 2391 1-8‚
733 2324 863 2394 299)
897 2331 1124 2391 confecit,
1156 2330 1284 2378 alter
1314 2331 1519 2393 reliqua.
1569 2330 1791 2394 singulas
1815 2345 1903 2392 pa-

209 2404 351 2468 ginas
382 2405 527 2454 initio
560 2406 808 2469 complent
838 2420 1008 2454 versus
1041 2405 1397 2469 quinquageni,
1431 2405 1518 2467 qui
1547 2419 1779 2453 numerus
1813 2403 1902 2452 sub

208 2478 355 2527 finem
386 2495 541 2541 usque
575 2480 638 2527 ad
664 2481 990 2544 septuagenos
1026 2480 1204 2541 quinos
1229 2480 1476 2528 accrescit.
1532 2479 1630 2526 fuit
1653 2478 1903 2541 quondam

328 2639 371 2753 ἐξ
402 2636 684 2740 ἓξὶὶίἒέεᾏέὺ
695 2652 931 2740 scffixtraits
979 2695 1036 2739 de
1075 2694 1354 2739 manuscrits
1396 2694 1453 2738 de
1492 2693 1540 2739 la
1578 2686 1902 2749 bibliotheque

208 2755 448 2800 nationale
481 2761 534 2801 31
559 2756 582 2799 Ι
613 2757 762 2812 (1884)
795 2771 841 2812 p.
868 2758 966 2799 167.

329 2819 371 2872 3)
406 2815 581 2858 codicis
620 2814 844 2858 lectiones
885 2815 942 2858 de
990 2828 1068 2857 sex
1106 2813 1339 2870 prioribus
1379 2811 1634 2856 Thebaidis
1673 2811 1805 2855 libris
1845 2825 1901 2856 ex

209 2874 490 2918 auctoritate
507 2873 761 2918 Godofredi
774 2873 946 2918 Kinkel
960 2873 1103 2917 etiam
1115 2873 1164 2917 in
1179 2872 1440 2928 appendice
1458 2871 1677 2916 editionis
1694 2870 1901 2914 Mfilleri-

210 2946 328 2977 anae
359 2933 613 2977 adnotatae
645 2935 767 2977 sunt.
