2066 3178
200 97 240 140 x
713 97 996 142 EDIToffls
1027 63 1370 143 mmmm

363 237 418 286 Si
448 239 567 286 deus
598 234 703 302 <est
734 234 966 302 animus>
995 239 1135 287 nobis
1165 235 1288 303 (ut)
1323 242 1547 289 carmina
1578 243 1745 290 dicunt

363 313 462 360 Hic
492 314 577 361 tibi
600 314 867 373 praecipue
896 315 959 361 sit
980 329 1119 374 pura
1149 317 1302 362 mente
1332 315 1572 364 colendus.

200 403 447 463 Sequitur:

364 506 476 553 Non
507 507 604 565 fuit
634 508 731 554 ista
762 507 932 554 domus
955 522 1052 566 pro
1084 509 1294 556 nominis
1307 501 1348 575 1)
1380 511 1513 570 facta
1544 510 1744 558 duobus.

199 612 288 659 hos
320 627 488 659 versus
521 611 671 672 paulo
696 612 810 672 post
840 611 1005 672 ipsum
1030 612 1211 659 librum
1237 613 1516 661 confectum
1549 614 1756 676 scriptos
1791 629 1893 663 esse

200 686 382 733 Mulier
405 685 500 733 sibi
525 684 786 747 persuasit.
817 686 940 732 mihi
957 702 1072 734 vero
1098 688 1385 735 recentioris
1411 687 1616 752 originis
1644 690 1737 737 visi
1762 691 1894 751 sunt,

201 760 280 808 cui
311 761 586 808 sententiae
619 759 816 807 videtur
847 760 1014 807 favere
1047 776 1216 809 versus
1249 761 1440 824 primus
1465 761 1713 812 Leoninus
1745 765 1797 810 in
1821 763 1893 811 bi-

201 834 459 896 syllabum.
518 836 714 882 constat
746 836 912 882 autem
945 851 1116 883 versus
1148 852 1307 898 neque
1341 836 1400 884 ab
1435 837 1542 899 ipso
1575 837 1779 886 librario
1811 854 1893 886 ne-

201 925 296 971 que
336 908 396 956 ab
438 909 636 970 aequali
676 911 948 956 correctore
990 924 1092 958 esse
1133 912 1356 972 scriptos.
1430 911 1561 960 infra
1600 928 1681 961 eos
1721 915 1895 975 postea

198 983 386 1045 primus
419 999 585 1031 versus
617 983 693 1030 bis
724 985 964 1045 repetitus
998 986 1083 1032 est.

311 1060 475 1105 textus
515 1057 644 1105 binis
687 1058 926 1105 columnis
968 1074 1199 1106 versuum
1239 1060 1391 1108 ferme
1423 1061 1537 1108 XLI
1576 1062 1789 1124 scriptus
1821 1065 1896 1111 est

200 1132 304 1180 sine
338 1133 550 1180 scholiis.
609 1147 665 1180 ac
697 1148 757 1180 ne
781 1134 1219 1194 interpretationes
1253 1135 1454 1195 quidem
1486 1137 1582 1183 nisi
1613 1152 1755 1185 rarae
1788 1153 1894 1185 eae-

200 1223 295 1269 que
319 1207 480 1254 multo
507 1209 621 1268 post
645 1207 924 1268 adscriptae
941 1207 1274 1256 inveniuntur.
1305 1209 1389 1257 sed
1412 1213 1611 1271 praeter
1634 1211 1895 1259 librarium

200 1281 362 1343 ipsum
380 1274 493 1347 (Pl)
519 1281 735 1329 eiusdem
762 1283 940 1330 aetatis
966 1285 1213 1330 corrector
1229 1275 1342 1350 (Ρο)
1367 1299 1465 1332 non
1488 1300 1647 1346 pauca
1669 1286 1895 1335 emenda-

200 1355 289 1415 vit,
320 1372 446 1417 quae
479 1355 712 1403 librarius
745 1358 833 1403 aut
863 1359 1068 1418 propter
1101 1358 1394 1419 exemplaris
1428 1359 1547 1420 eius,
1579 1359 1708 1408 unde
1739 1360 1895 1422 ipsius

200 1432 365 1478 textus
406 1430 744 1492 descenderat,
786 1431 1027 1478 defectum
1070 1434 1160 1479 aut
1191 1433 1508 1496 neglegentia
1541 1435 1775 1483 omiserat
1806 1437 1896 1482 aut

200 1507 504 1566 peccaverat.
564 1506 732 1552 tamen
765 1505 924 1552 multa
957 1506 1261 1554 emendanda
1292 1506 1510 1569 reliquit.
1567 1525 1695 1571 quae
1729 1511 1895 1557 autem

176 1580 330 1632 ,ratio
362 1579 638 1626 intercedat
668 1580 801 1627 inter
831 1573 897 1627 Pl
931 1583 980 1627 et
1011 1582 1089 1642 1³⁰,
1122 1581 1254 1628 infra
1287 1598 1597 1644 exponemus.

313 1653 374 1700 ab
408 1653 700 1715 aequalibus
724 1654 827 1702 illis
853 1657 1147 1703 correcturis
1172 1655 1439 1719 diligenter
1462 1657 1759 1706 secernenda
1782 1659 1897 1706 sunt

202 1744 261 1775 ea
293 1744 419 1789 quae
453 1728 648 1776 saeculo
673 1728 769 1775 XII
794 1731 844 1775 et
867 1729 988 1776 XIII
1022 1730 1083 1777 ab
1117 1730 1227 1778 aliis
1259 1732 1455 1778 mutata
1487 1733 1615 1793 sunt,
1649 1747 1772 1793 quos
1805 1748 1895 1796 ego

202 1803 342 1866 signo
368 1804 432 1850 Pr
463 1802 837 1863 comprehendo.
886 1819 1044 1865 neque
1071 1804 1202 1851 enim
1235 1804 1446 1868 singulis
1478 1820 1568 1853 sua
1600 1805 1895 1854 distribuere

202 1892 378 1938 operae
418 1878 634 1938 pretium
675 1879 769 1939 est,
810 1880 1071 1939 propterea
1113 1879 1246 1940 quod
1285 1879 1411 1926 nihil
1449 1879 1565 1927 boni
1605 1881 1896 1942 attulerunt,

203 1951 304 1998 sive
345 1951 403 1997 de
445 1966 532 1999 suo
572 1953 750 2013 poetae
789 1967 1072 2000 succurrere
1113 1954 1281 2000 conati
1321 1956 1456 2015 sunt,
1488 1954 1592 2003 sive
1624 1954 1895 2003 recentiore

203 2025 417 2087 quodam
450 2025 614 2073 codice
648 2026 721 2075 usi
753 2020 926 2092 sunt.2)
977 2043 1088 2074 cum
1113 2029 1281 2075 autem
1313 2028 1446 2090 apud
1471 2031 1657 2076 ceteros
1684 2028 1895 2077 editores

203 2100 322 2161 quid
348 2099 544 2161 aequali
562 2100 839 2161 correctori,
859 2101 976 2163 quid
994 2101 1350 2150 recentioribus
1376 2102 1628 2161 debeatur,
1651 2119 1749 2151 non
1775 2105 1895 2151 satis

203 2176 430 2221 accurate
456 2177 741 2236 separatum
767 2175 845 2236 sit,
872 2177 1037 2223 variae
1065 2176 1377 2224 auctoritatis
1402 2178 1666 2239 variaeque
1691 2176 1894 2242 originis

202 2247 439 2295 lectiones
472 2265 569 2296 uno
609 2240 818 2297 nomine*
852 2249 1206 2313 significantur.
1272 2267 1398 2312 quae
1430 2267 1507 2298 res
1542 2253 1716 2313 quanti
1748 2252 1813 2300 sit
1842 2252 1894 2299 in

203 2322 324 2383 ipsis
356 2325 532 2383 poetae
565 2324 728 2372 verbis
754 2324 1111 2372 constituendis
1136 2326 1388 2386 momenti,
1420 2342 1520 2373 uno
1547 2326 1785 2389 exemplo,
1810 2325 1895 2374 sed

204 2412 259 2444 eo
292 2397 684 2445 luculentissimo
718 2398 914 2446 docebo.
980 2399 1129 2446 Theb.
1163 2402 1243 2459 11,
1270 2399 1377 2448 490
1411 2400 1542 2447 enim
1572 2402 1625 2448 in
1656 2400 1894 2464 vulgatae

202 2470 342 2518 libris
375 2464 469 2537 (ω)
503 2471 574 2519 sic
606 2473 727 2520 exit:

368 2574 484 2621 dum
520 2574 736 2623 Cadmus
768 2580 880 2624 arat
910 2578 1028 2624 dum
1059 2579 1184 2625 victa
1216 2578 1346 2624 cadit
1374 2577 1574 2638 Sphinx.

324 2747 365 2802 1)
399 2748 568 2790 nonnis
599 2746 847 2804 legendum
883 2747 1146 2804 suspicatus
1180 2749 1251 2792 est
1282 2748 1463 2793 Mfiller.
1520 2748 1595 2792 eui
1627 2747 1893 2792 coniectura

204 2804 330 2847 haud
364 2805 457 2849 scio
491 2819 549 2848 an
589 2808 797 2862 praestet
835 2807 1045 2851 dominis.
1116 2809 1240 2852 certe
1271 2822 1455 2862 versum
1495 2821 1523 2851 a
1561 2806 1763 2866 librario·
1793 2820 1892 2851 esee

203 2864 548 2920 transcriptum,
582 2879 672 2909 non
706 2866 1015 2922 compositum
1046 2867 1096 2909 in
1126 2867 1376 2923 propatulo
1409 2867 1492 2910 est.

324 2925 366 2979 2)
400 2923 636 2968 nonnullis
668 2924 783 2969 locis
815 2925 903 2970 hoc
936 2927 1115 2970 certum
1148 2927 1232 2981 est,
1265 2940 1304 2970 e.
1329 2941 1372 2984 g.
1406 2925 1549 2970 Theb.
1577 2930 1618 2981 2,
1644 2929 1698 2968 37
1717 2939 1783 2981 sq.
