2066 3178
178 95 325 139 XXIV
689 94 969 140 EDITORIS
1001 95 1342 140 PRAEFATIO

175 310 482 375 significatur
505 311 677 358 littera
694 304 749 376 f)
782 310 916 359 foliis
949 313 1148 359 centum
1179 310 1390 375 triginta
1415 326 1498 360 sex
1516 328 1751 361 versuum
1776 313 1861 361 tri-

175 400 351 432 cenum
367 386 576 446 ternum,
599 386 686 446 qui
705 400 938 432 numerus
955 385 1044 432 sub
1066 384 1214 433 finem
1237 385 1301 433 ad
1315 385 1528 435 tricenos
1546 402 1761 435 novenos
1779 403 1863 435 au-

174 461 333 523 getur,
351 459 545 507 saeculo
559 459 630 506 XI
647 460 858 521 scriptus
870 458 1171 507 Thebaidem
1185 460 1405 508 continet
1422 460 1579 509 solam
1598 476 1709 510 cum
1725 462 1863 510 scho-

174 533 270 594 liis,
283 533 358 580 ita
371 535 538 581 tamen
551 535 608 581 ut
625 533 785 582 exitus
799 533 913 581 libri
931 533 1208 582 duodecimi
1225 549 1254 581 a
1267 550 1416 582 versu
1434 535 1537 583 657
1558 534 1865 584 desideretur

175 623 233 656 ac
256 624 317 655 ne
343 607 639 670 subscriptio
667 606 866 669 quidem
890 607 1173 656 inveniatur
1196 610 1310 670 post
1331 610 1413 669 12,
1434 610 1552 658 656.
1591 610 1679 672 qui
1695 625 1864 658 versus

175 698 285 730 cum
323 682 529 730 ultimus
572 684 704 729 extet
742 681 796 729 in
833 681 928 730 fine
968 683 1181 746 paginae
1214 682 1434 744 ultimae,
1473 699 1572 745 qua
1605 685 1863 746 quaternio

175 756 413 818 septimus
439 756 655 804 decimus
679 755 872 816 finitur,
905 756 1008 804 veri
1035 759 1165 805 certe
1191 756 1350 805 simile
1377 759 1451 806 est
1481 758 1646 820 ipsum
1679 758 1863 807 Frisin-

174 846 377 894 gensem
409 830 527 878 olim
559 829 792 878 damnum
825 830 1015 879 tulisse.
1064 833 1295 880 exaratus
1330 833 1405 880 est
1435 832 1498 880 ab
1522 848 1621 880 uno
1644 832 1864 893 librario,

173 904 270 953 nisi
302 904 433 966 quod
462 903 578 952 inde
611 920 640 951 a
671 904 832 952 medio
858 921 1003 953 versu
1030 907 1076 967 2,
1105 907 1208 954 678
1242 921 1397 968 usque
1430 905 1493 953 ad
1526 907 1573 967 3,
1601 907 1703 955 115
1739 908 1865 955 alter

174 980 279 1027 eius
297 979 426 1026 vices
453 978 622 1040 subiit,
647 979 731 1027 sed
756 982 870 1041 post
889 981 936 1040 3,
958 981 1060 1028 115
1086 981 1224 1042 prior
1246 996 1423 1028 munus
1449 980 1607 1029 denuo
1633 982 1861 1044 suscepit.

172 1053 458 1116 indigenam
492 1055 661 1101 autem
701 1069 806 1102 esse
838 1054 1054 1102 codicem
1089 1056 1230 1116 patet
1261 1054 1442 1103 litteris
1474 1057 1505 1115 f
1528 1057 1578 1103 et
1607 1070 1636 1102 v
1668 1071 1861 1118 permu-

172 1129 307 1188 tatis,
349 1143 447 1189 qua
487 1127 545 1175 de
586 1129 949 1190 permutatione
987 1128 1133 1177 modo
1174 1128 1401 1190 diximus,
1441 1130 1500 1177 cf.
1542 1145 1580 1177 e.
1607 1147 1651 1194 g.
1683 1131 1766 1191 12,
1796 1131 1860 1178 16

171 1203 364 1262 fulvum
396 1217 454 1250 ex
484 1203 683 1250 vulvum
713 1196 780 1264 fl,
812 1202 1042 1251 similiter
1071 1205 1117 1262 9,
1147 1205 1247 1251 727
1282 1205 1430 1252 vulva
1460 1219 1550 1266 pro
1575 1219 1631 1252 eo
1656 1204 1788 1266 quod
1811 1205 1864 1252 in

171 1276 376 1338 reliquis
416 1278 554 1324 extat
591 1276 732 1337 fulva
772 1278 1010 1339 scriptum
1052 1279 1139 1326 est.
1197 1277 1255 1326 cf.
1291 1278 1442 1326 etiam
1474 1279 1722 1341 scriptura
1755 1293 1865 1328 eme

172 1366 260 1413 pro
294 1365 403 1398 erese
437 1352 484 1413 4,
512 1352 631 1399 631.

282 1441 459 1472 nomen
491 1427 683 1487 poetae,
716 1442 827 1474 cum
860 1426 1086 1488 plerique
1117 1425 1233 1474 libri
1258 1426 1617 1490 subscriptione
1650 1429 1863 1487 careant,

171 1502 368 1561 praeter
399 1499 599 1547 secundi
637 1499 837 1548 initium
870 1503 920 1548 et
950 1500 1098 1549 finem
1131 1503 1181 1549 et
1211 1501 1337 1550 sexti
1371 1500 1518 1549 finem
1549 1517 1648 1550 non
1679 1501 1865 1566 legitur

171 1588 228 1621 ac
266 1590 326 1621 ne
358 1573 435 1621 his
467 1574 667 1636 quidem
698 1575 841 1636 plene
873 1574 1113 1637 scriptum
1146 1576 1242 1624 est:

417 1662 463 1710 S.
489 1663 542 1711 P.
571 1662 617 1711 S.
651 1663 852 1711 LIBER
885 1663 1234 1712 SECUNDUS
1265 1663 1516 1713 INCIPIT

417 1751 463 1799 S.
490 1752 745 1800 PAPINII
764 1778 772 1787 ·
793 1751 1074 1801 SURSULI
1092 1778 1100 1787 ·
1118 1737 1254 1801 Lu}-
1272 1753 1325 1801 ΙΙ
1343 1778 1351 1788 ·
1372 1737 1618 1801 EXPLIE

415 1826 500 1874 UI.
527 1826 564 1874 1.
600 1826 645 1875 S.
671 1826 725 1875 P.
753 1826 799 1874 S.
835 1823 1217 1876 THEBAIDOS

171 1932 296 1977 quae
327 1917 529 1963 nomina
561 1932 671 1964 cum
703 1915 754 1964 in
787 1915 1056 1977 exemplari
1087 1912 1312 1978 pleniora
1344 1917 1565 1965 extitisse
1596 1915 1862 1966 verisimile

171 1991 250 2050 sit,
278 1989 472 2038 Sursuli
498 2006 767 2053 cognomen
793 1994 971 2052 poetae
996 2006 1094 2039 non
1119 2004 1148 2038 a
1173 1990 1376 2039 librario
1401 1994 1431 2039 f
1450 1994 1523 2040 est
1548 1991 1859 2039 attributum.

284 2066 581 2112 correctores
614 2065 890 2127 complures
923 2066 1100 2112 nactus
1133 2067 1207 2114 est
1231 2065 1394 2114 codex.
1443 2065 1527 2114 sed
1559 2080 1669 2114 cum
1700 2065 1860 2128 plera-

171 2154 266 2202 que
282 2140 388 2201 ipse
410 2138 643 2187 librarius
666 2138 930 2203 diligenter
947 2139 1322 2200 emendavisset,
1342 2155 1502 2202 pauca
1521 2139 1697 2187 relicta
1722 2142 1863 2188 erant

170 2213 435 2261 correctori
458 2206 525 2274 1³2,
552 2215 638 2274 qui
663 2213 849 2261 scholia
874 2212 1069 2262 videtur
1095 2213 1354 2263 addidisse.
1397 2216 1643 2262 corrector
1666 2230 1781 2262 vero
1807 2207 1862 2262 f²

171 2287 515 2334 adhibueritne
550 2289 748 2350 praeter
781 2288 1031 2350 exemplar
1056 2288 1206 2335 alium
1234 2287 1465 2349 codicem,
1498 2305 1597 2337 non
1628 2286 1860 2336 diiudico.

170 2363 342 2410 contra
373 2361 618 2410 recentior
659 2362 861 2424 quidam
893 2362 1138 2411 corrector
1169 2364 1220 2410 fr
1250 2363 1409 2410 multa
1443 2362 1667 2423 correxit,
1699 2363 1858 2424 plera-

170 2451 265 2497 que
296 2437 464 2483 tamen
498 2435 560 2483 ad
593 2451 738 2484 suum
772 2435 1032 2482 arbitrium
1062 2437 1362 2484 immutavit.

281 2510 497 2558 codicem
521 2512 785 2572 postquam
811 2525 839 2557 a
856 2509 1037 2558 Lenzio
1057 2511 1294 2558 collatum
1312 2509 1555 2567 Queckius
1581 2509 1806 2558 adhibuit
1816 2503 1857 2576 1)

170 2586 219 2631 et
250 2583 329 2631 hic
368 2583 472 2631 illic
503 2584 750 2632 Robertus
784 2584 952 2648 Unger
991 2583 1203 2633 adscivit
1240 2585 1292 2632 in
1334 2584 1671 2633 Coniectaneis
1704 2583 1858 2632 Stati-

171 2659 277 2706 anis
290 2651 348 2724 3),
380 2659 430 2705 in
465 2673 546 2705 sex
579 2657 826 2720 prioribus
866 2658 1007 2706 libris
1047 2674 1102 2706 eo
1135 2674 1255 2708 usus
1289 2660 1363 2708 est
1395 2657 1513 2707 Otto
1545 2658 1740 2719 Miiller,
1773 2658 1858 2706 sed

170 2731 447 2780 contulerat
477 2734 652 2781 totum.
717 2748 843 2794 quae
876 2732 1076 2781 collatio
1108 2732 1230 2780 mihi
1262 2735 1459 2796 praesto
1493 2734 1579 2781 est.
1635 2731 1719 2781 sed
1750 2732 1857 2795 ipse

2061 0 2066 38 Ι

2059 70 2066 191 !

120 239 150 284 f
288 236 468 284 codex
491 235 865 285 Monacensis
893 230 1579 304 6396(interFrisingenses
1598 239 1718 300 196,
1735 238 1864 286 unde

2060 1060 2066 1107 1

288 2858 332 2973 ἐξ
363 2858 775 2974 ἓφῖξαχξέηξίἷέὺαὺίί
792 2917 956 2976 ecloga
971 2917 1140 2962 ultima
1165 2918 1236 2962 ed.
1255 2918 1308 2962 R.
1328 2917 1486 2975 Unger
1503 2921 1616 2962 1868
1633 2933 1676 2975 p.
1694 2921 1777 2962 155
1789 2932 1853 2974 sq.
