2040 3164
279 82 388 135 140
545 112 548 115 Δ
882 83 929 128 P.
962 82 1169 126 PAPINI
1201 82 1378 127 STATI

277 218 428 271 ibitis
468 222 521 271 et
562 218 828 287 Scythicis
867 220 1115 288 quotiens
1155 219 1418 272 medicata
1456 220 1675 272 venenis
1889 233 1973 275 505

280 292 493 346 Colchis
533 301 671 364 aget,
709 293 919 362 trepido
958 292 1239 363 paHebunt
1279 293 1504 346 Tartara
1541 297 1714 346 motu:

277 368 451 419 nostri
492 385 619 420 cura
657 367 847 436 minor,
888 367 933 419 si
970 385 1081 420 non
1119 368 1365 421 attollere
1404 367 1578 421 bustis

279 459 505 510 corpora
542 459 641 495 nec
679 442 865 510 plenas
905 441 1141 511 antiquis
1183 442 1393 495 ossibus
1432 460 1593 494 urnas

279 533 492 586 egerere
532 520 586 568 et
624 518 824 569 mixtos
865 517 1105 585 caelique
1142 515 1414 585 Erebique
1455 516 1552 568 sub
1591 534 1759 568 unum

276 590 547 643 funestare
586 590 713 646 deos
753 589 887 642 libet
926 592 1018 643 aut
1058 591 1350 661 exsanguia
1387 590 1528 643 ferro
1890 604 1979 646 510

278 682 371 717 ora
412 664 562 736 sequi
601 667 762 733 atque
802 683 987 735 aegras
1026 665 1335 718 functorum
1376 682 1592 734 carpere
1622 664 1829 717 fibras?
1935 673 1942 680 '

276 757 343 790 ne
383 739 560 791 tenuis
600 756 769 791 annos
809 740 1114 808 nubemque
1153 738 1291 791 hanc
1328 739 1524 792 frontis
1566 756 1762 808 opacae

278 814 530 881 spernite,
567 830 650 881 ne,
689 831 905 883 mone03
946 817 1000 867 et
1035 813 1192 868 nobis
1233 813 1435 866 saevire
1474 812 1718 866 facultas,

276 887 525 939 novimus
565 890 618 940 et
659 887 919 956 quidquid
959 887 1063 941 dici
1102 887 1360 956 noscique
1399 887 1621 956 timetis,

278 965 332 1014 et
371 961 590 1014 turbare
628 960 885 1030 Hecaten,
923 963 980 1014 ni
1019 966 1073 1014 te
1113 961 1464 1031 Thymbraee,
1501 979 1711 1014 vererer
1892 975 1978 1016 515

279 1039 332 1088 et
370 1036 601 1104 triplicis
641 1035 829 1089 mundi
869 1054 1153 1105 summum,
1194 1055 1352 1105 quem
1394 1036 1529 1089 scire
1568 1036 1852 1090 nefastum.

277 1109 433 1163 illum
471 1141 544 1148 —
585 1109 678 1162 sed
717 1113 890 1163 taceo:
930 1110 1183 1180 prohibet
1222 1109 1513 1179 tranquilla
1553 1114 1811 1164 senectuS.

279 1184 493 1254 iamque
533 1202 633 1255 ego
673 1202 769 1237 vos
811 1184 902 1222 —'
942 1184 1095 1238 avide
1134 1184 1332 1238 subicit
1370 1183 1641 1237 Phoebeia
1678 1184 1888 1238 Manto:

281 1258 517 1327 ‘audiris,
558 1259 785 1330 genitor,
824 1258 1126 1330 vulgusque
1166 1276 1432 1328 exsangue
1471 1258 1815 1328 propinquat.

278 1333 533 1402 panditur
570 1332 818 1401 Elysium
859 1333 1036 1399 chaos,
1075 1336 1128 1386 et
1166 1333 1376 1386 telluris
1416 1336 1631 1403 opertae
1893 1346 1990 1398 520Ι

281 1406 478 1459 dissilit
516 1407 706 1460 umbra
745 1425 926 1476 capax,
967 1407 1239 1478 silvaeque
1279 1411 1332 1460 et
1369 1408 1526 1477 nigra
1563 1411 1846 1476 patescunt

278 1481 515 1550 flumina,
555 1480 771 1534 liventis
811 1481 1064 1535 Acheron
1104 1482 1297 1536 eiectat
1334 1481 1572 1534 harenas.

278 1555 513 1608 fumidus
554 1559 670 1608 atra
710 1556 859 1608 vadis
898 1555 1238 1627 Phlegethon
1278 1556 1525 1610 incendia
1563 1554 1750 1624 volvit,

280 1634 333 1682 et
373 1629 508 1699 Styx
548 1630 793 1683 discretis
835 1631 1085 1684 interflua
1122 1631 1372 1684 manibus
1413 1630 1606 1683 obstat.

279 1705 456 1773 ipsum
497 1704 786 1773 pallentem
827 1705 965 1758 solio
1007 1706 1313 1774 circumque
1352 1705 1625 1757 ministras
1893 1717 1976 1756 525

399 1839 484 1878 505
519 1835 707 1891 scyticis
739 1840 772 1878 P
880 1836 1116 1880 medicata
1147 1841 1200 1880 P:
1251 1838 1433 1880 armata
1465 1850 1510 1879 ω
1649 1839 1744 1884 506,
1769 1837 1880 1892 aget
1911 1850 1977 1880 w:

280 1895 381 1952 agit
411 1898 444 1936 P
566 1899 650 1938 507
686 1908 796 1938 cura
827 1895 980 1940 minor
1010 1895 1061 1938 b²
1093 1898 1144 1940 in
1177 1897 1258 1940 lae.
1384 1899 1468 1939 509
1503 1897 1550 1938 et
1581 1909 1664 1939 om.
1699 1894 1762 1949 b¹,
1796 1895 1902 1939 add.
1927 1892 1980 1938 b¹

309 1985 319 2003 x
370 1955 509 1987 mixtos
814 2000 822 2008 ο
1161 1999 1169 2008 ⁰
1613 1971 1649 2010 Η]
1782 1971 1819 2011 s

368 2002 515 2052 mesto
549 1998 603 2042 1³²
707 1999 919 2056 caelique
952 2015 1018 2043 w:
1053 1999 1171 2043 caeli
1204 2004 1237 2043 P
1367 2003 1453 2042 510
1486 1998 1607 2043 ferro
1685 2002 1737 2042 P:
1823 2012 1980 2042 morsu

1072 2063 1186 2100 atque
1344 2061 1437 2092 {aut

279 2102 333 2144 P¹
352 2118 435 2159 my.
468 2103 662 2157 sortasse
700 2109 813 2148 reete
949 2108 1032 2147 511
1066 2104 1186 2161 β
1217 2103 1277 2146 1¹:
1328 2105 1470 2159 atque
1501 2107 1537 2146 D
1674 2106 1759 2146 512
1800 2067 1979 2147 nibem-

281 2175 369 2217 que
402 2164 456 2205 B:
491 2161 732 2218 nubesque
765 2162 818 2208 ν1
949 2167 1034 2206 513
1068 2163 1245 2222 se}vire
1271 2164 1326 2220 (r)
1353 2165 1399 2207 Α
1523 2165 1608 2205 514
1638 2160 1863 2205 Novimus
1887 2165 1976 2210 1³23:

282 2264 461 2309 Scimus
494 2265 618 2309 enim
651 2281 697 2310 ω
805 2266 1021 2322 nostique
1056 2265 1132 2315 2²:
1180 2247 1408 2324 nocigque
1439 2265 1491 2308 b²
1623 2270 1708 2309 515
1740 2267 1979 2322 turparem

281 2326 517 2369 Baehrens
606 2325 724 2368 haec
758 2328 894 2370 caten
921 2325 1047 2370 Ab¹z
1089 2326 1313 2370 heccaten
1337 2330 1391 2370 L:
1425 2327 1588 2369 ecaten
1611 2328 1702 2368 uf:
1737 2325 1932 2368 aecaten
1954 2336 1980 2367 r

370 2385 416 2427 ni
450 2386 497 2428 te
529 2387 569 2428 t·
600 2383 653 2427 b²
684 2387 735 2429 in
768 2386 849 2429 lae.
989 2389 1074 2430 516
1108 2384 1312 2441 triplicis
1345 2399 1411 2429 w:
1459 2397 1555 2427 -ces
1587 2388 1620 2426 P
1725 2382 1979 2427 nefandum

281 2458 335 2487 ex
365 2442 601 2487 nefastum
633 2443 719 2498 12²:
753 2443 885 2488 nefas
919 2447 990 2488 est
1020 2449 1042 2487 f
1159 2449 1244 2488 517
1276 2443 1400 2486 Illud
1426 2449 1453 2486 c
1547 2442 1627 2487 sed
1651 2446 1759 2487 Pw:
1794 2442 1834 2486 si
1865 2440 1978 2486 ΒΑι

280 2507 348 2545 Lb
398 2505 485 2558 (an
524 2508 686 2547 natum
725 2518 778 2547 ex
819 2503 918 2556 st?)
1071 2507 1157 2547 518
1206 2503 1505 2560 aposiopesim
1545 2503 1732 2560 agnovit
1759 2505 1819 2556 Σ,
1866 2506 1980 2546 recte

283 2592 498 2636 distimit
531 2592 749 2636 Menkius
869 2565 1145 2653 phebeiaque
1179 2591 1235 2640 α’
1386 2596 1472 2635 520
1512 2571 1709 2634 aelisum
1740 2590 1816 2634 3¹:
1867 2575 1992 2633 aeli-v
2034 2614 2040 2643 ς

281 2651 401 2693 sium
435 2653 480 2694 Λ
588 2651 727 2695 cahos
760 2666 784 2693 r
921 2655 1004 2694 521
1039 2650 1239 2743 Dissidivt
1264 2655 1292 2693 c
1397 2650 1538 2694 umbo
1572 2650 1887 2694 Marklandus
1917 2648 1995 2702 ad¹

282 2755 390 2799 silv.
415 2757 460 2808 2,
479 2759 520 2808 3,
539 2758 595 2798 41
718 2759 803 2797 522
836 2754 1033 2798 liventes
1065 2759 1118 2799 P·
1159 2754 1348 2813 figentis
1382 2755 1502 2810 (-m)
1537 2753 1616 2797 ΛΟ
1714 2752 1911 2797 reiectat
1940 2755 1980 2794 Π

372 2845 457 2887 523
489 2814 677 2887 Fundiis
702 2843 758 2885 3¹
790 2842 860 2897 (al
892 2842 1098 2886 fumidus
1123 2843 1279 2901 B⁰my
1284 2845 1331 2898 .:)
1365 2823 1593 2886 Furiditus
1630 2841 1699 2886 A¹
1739 2840 1810 2898 (al
1840 2839 1979 2884 fumi·
1987 2885 1989 2891 ,

283 2902 368 2944 dus
389 2905 434 2946 Λ
447 2901 470 2924 ⁰
486 2906 610 2960 my.):
636 2901 869 2945 Humidus
889 2907 917 2944 c
989 2902 1243 2960 phlegeton
1261 2906 1294 2944 P
1379 2906 1462 2945 525
1480 2887 1736 2958 pollentem
1754 2901 1979 2945 Barthius
