2066 3178
636 109 918 156 EDITORIS
949 108 1292 154 PRAEFATIO
1691 109 1821 155 XXV

121 254 222 303 iam
255 255 524 316 antequam
556 269 614 302 ea
646 253 709 301 ad
741 268 818 300 me
850 252 1093 314 pervenit,
1125 251 1341 300 codicem
1375 252 1684 300 contuleram
1715 252 1818 300 Mo-

120 328 287 377 nachii
319 344 446 376 anno
482 330 637 376 1901.

232 403 292 451 de
311 401 660 452 Cassellano
683 402 886 452 codice
907 400 1134 450 CLXIV
1152 403 1336 464 scripto
1359 417 1488 451 anno
1511 403 1653 451 1010
1676 402 1818 451 docte
1846 410 1886 453 G

121 479 172 525 et
211 477 476 541 diligenter
516 477 791 539 disputavit
833 475 1038 525 Carolus
1080 476 1359 525 Fridericus
1392 476 1574 525 Weber
1586 470 1643 543 ¹),
1677 476 1819 525 cuius

121 569 179 601 ex
209 552 379 602 libello
404 553 526 601 haec
549 554 743 614 repeto:
777 553 974 601 constat
1005 551 1157 601 codex
1183 551 1593 613 quaternionibus
1621 553 1820 616 viginti,

119 627 170 675 in
212 627 343 675 calce
384 628 599 676 numeris
639 627 846 675 I—-XX
887 626 1120 690 signatis,
1160 627 1255 674 nisi
1297 625 1429 688 quod
1467 627 1522 674 in
1559 626 1819 675 undecimo

119 702 243 751 fasci
274 703 374 750 tria
405 704 601 759 tantum
636 701 759 750 folia
792 703 1049 764 compacta
1082 704 1217 763 sunt3
1251 700 1442 749 accedit
1471 703 1588 763 post
1619 703 1818 764 quater—

119 777 312 825 nionem
347 777 586 825 ultimum
609 778 787 837 ternio,
820 778 908 839 qui
931 793 1136 825 numero
1170 779 1317 824 caret.
1368 778 1484 824 sunt
1515 777 1673 840 igitur
1697 776 1821 825 folia

122 853 224 900 162
260 868 492 900 versuum
523 852 778 899 tricenum.
830 851 1151 913 amplectitur
1183 851 1334 900 codex
1359 850 1662 900 Thebaidem
1692 851 1819 899 inte-

118 942 274 991 gram.
336 929 535 989 praeter
571 927 778 974 titulum
818 927 871 973 in
903 926 1066 974 fronte
1102 925 1219 974 libri
1251 926 1402 974 rubro
1436 926 1598 975 colore
1629 928 1820 989 pictum

117 1007 547 1056 PVB·PAPINY
580 1007 796 1056 STATY
829 1006 1213 1056 THEBAIDOS
1246 1008 1458 1056 LIBRI·
1480 1009 1578 1056 XII
1610 1008 1818 1072 singulis

117 1083 258 1132 libris
290 1083 645 1147 praescribitur
665 1083 743 1131 vel
777 1083 1103 1132 subscribitur
1126 1084 1255 1130 nude
1279 1084 1454 1144 incipit
1476 1076 1580 1151 (vel
1606 1077 1818 1150 explicit)

116 1159 236 1207 liber
262 1158 335 1206 II
359 1161 464 1219 etc„
497 1158 583 1207 sed
607 1160 721 1220 post
751 1158 890 1206 tertii
922 1158 1040 1206 libri
1064 1161 1416 1222 argumentum
1442 1160 1606 1207 exstat
1636 1159 1822 1221 Incipit

115 1233 236 1281 liber
266 1234 372 1280 III
373 1248 433 1281 us
463 1233 610 1282 Statii
638 1233 926 1289 Thebaidos,
959 1235 1075 1296 post
1098 1234 1376 1297 prologum,
1409 1233 1441 1280 i.
1468 1249 1506 1281 e.
1532 1236 1647 1296 post
1676 1237 1722 1296 1,
1748 1235 1816 1283 45

115 1308 468 1370 interpositum
509 1310 604 1357 est:
645 1308 863 1368 Explicit
886 1332 896 1342 ·
916 1309 1149 1369 proloyas
1176 1333 1184 1342 ·
1203 1309 1351 1369 papii
1389 1309 1644 1369 Pampinii
1674 1309 1820 1358 Statii

121 1383 395 1432 Thebaidos
425 1384 596 1444 incipit
618 1383 738 1431 liber
753 1385 965 1443 primm,
999 1387 1116 1432 ante
1153 1386 1198 1445 1,
1225 1385 1290 1431 21
1327 1399 1466 1432 vero:
1497 1385 1670 1445 incipit
1701 1385 1820 1433 liber

116 1458 156 1505 I
155 1473 266 1506 mus
289 1457 434 1506 Statii
449 1458 701 1518 Pampinii
723 1459 922 1506 sarsali.
975 1458 1269 1520 Thebaydoa
1318 1459 1368 1505 in
1394 1458 1491 1506 fine
1518 1458 1680 1520 operis
1705 1458 1817 1507 sub-

117 1533 320 1595 scriptio
353 1549 451 1581 non
478 1534 652 1581 exstat.
703 1534 913 1596 apparet
935 1534 1094 1597 igitur
1117 1533 1301 1582 falsum
1328 1532 1521 1582 Sursuli
1547 1549 1818 1598 cognomen

119 1607 266 1656 initio
292 1609 492 1656 tantum
518 1608 816 1671 penetrasse.
850 1608 1049 1656 litterae
1075 1608 1296 1656 initiales
1321 1608 1534 1656 invicem
1559 1609 1639 1657 vel
1661 1609 1818 1658 minio

115 1683 194 1731 vel
228 1684 507 1731 atramento
541 1682 733 1730 effictae
766 1686 894 1731 sunt.

228 1757 288 1804 de
330 1757 519 1822 origine
559 1759 608 1805 et
640 1758 759 1805 fatis
791 1757 972 1806 codicis
1007 1757 1269 1806 edocemur
1305 1760 1663 1823 epigrammate
1699 1774 1816 1821 quo-

116 1832 231 1880 dam
261 1833 316 1880 in
348 1834 564 1881 extremo
598 1832 725 1880 libro
758 1834 966 1894 scripto:

292 1922 388 1970 Bis
418 1924 732 1982 qumyenteno
765 1923 859 1970 Bis
891 1924 1018 1970 brino
1051 1923 1145 1970 Bis
1175 1937 1360 1983 quoque
1391 1923 1501 1971 bino

292 2003 551 2053 Nascentis
576 2005 709 2052 XPI
735 2005 951 2053 Thebais
981 2007 1164 2065 scripta
1193 2006 1346 2065 fuisti.

293 2077 449 2128 Aribo
481 2080 693 2135 donavit,
739 2080 836 2128 Vbi
868 2080 1140 2140 Haswnyac
1176 2079 1408 2129 Claustra
1440 2081 1626 2130 locavit.

114 2170 243 2218 unde
269 2171 509 2232 scriptum
536 2185 638 2218 esse
664 2169 882 2218 codicem
907 2186 1036 2218 anno
1061 2187 1108 2231 p.
1137 2168 1246 2218 Chr.
1272 2187 1318 2217 n.
1349 2172 1491 2219 1010
1516 2172 1819 2233 perspicitur

113 2246 354 2293 instinctu
386 2243 621 2292 Aribonis
662 2244 934 2306 cuiusdam,
975 2245 1064 2307 qui
1102 2245 1460 2293 monasterium
1490 2244 1817 2310 Hasungense

115 2319 336 2368 condidit
374 2318 653 2381 librumque
694 2318 913 2367 eiusdem
952 2319 1280 2368 bibliothecae
1321 2320 1449 2367 dono
1491 2319 1639 2368 dedit.
1705 2338 1817 2369 eum

113 2394 398 2455 Aribonem‚
429 2393 634 2442 Henrici
659 2393 722 2443 II.
763 2395 1080 2456 imperatoris
1121 2396 1388 2458 cognatum
1426 2395 1542 2443 inde
1583 2395 1644 2443 ab
1687 2412 1815 2445 anno

119 2470 256 2518 1021
285 2484 443 2531 usque
469 2468 532 2516 ad
556 2470 767 2516 mortem
785 2496 854 2502 —
878 2469 1004 2517 obiit
1029 2471 1193 2517 autem
1221 2469 1352 2517 diem
1377 2485 1662 2532 supremum
1688 2487 1817 2522 anno

118 2545 255 2592 1031
274 2570 346 2576 —
361 2543 786 2606 archiepiscopum
802 2544 1153 2608 Moguntinum
1174 2544 1326 2593 fuisse
1345 2544 1605 2593 adnotavit
1621 2545 1816 2608 Weber,

116 2619 202 2680 qui
234 2618 294 2666 de
326 2618 642 2666 institutione
676 2618 810 2666 illius
843 2620 1136 2667 monasterii
1168 2619 1310 2667 docte
1344 2618 1589 2667 disseruit.
1653 2636 1710 2668 ex
1743 2621 1816 2670 bi-

113 2693 364 2741 bliotheca
380 2692 712 2756 Hasungensi,
738 2708 848 2741 cum
868 2709 997 2742 anno
1020 2694 1161 2741 1528
1188 2693 1546 2742 monasterium
1563 2695 1817 2745 sublatum

115 2770 202 2829 est,
235 2766 387 2816 codex
425 2768 480 2815 in
514 2766 867 2816 bibliothecam
899 2768 1152 2831 publicam
1194 2766 1531 2816 Cassellanam
1571 2771 1814 2832 pervenit.

235 2896 276 2951 1)
309 2893 643 2939 commentatio
683 2895 742 2939 de
781 2894 941 2939 codice
981 2895 1123 2939 Statii
1156 2894 1437 2940 Caesellano.
1501 2910 1656 2955 progr.
1693 2898 1815 2943 Mar-

115 2953 253 3012 burgi
288 2958 415 2998 1853.
478 2953 656 2998 ibidem
686 2954 843 3012 imago
877 2954 1052 2999 codicis
1083 2955 1325 3012 proposita
1357 2957 1441 2999 est.
