2132 3152
670 100 951 147 EDITORIS
982 100 1327 146 PRAEFATIO
1684 100 1855 145 XXXV

151 246 364 308 triginta
397 246 636 307 quattuor
658 244 738 292 vel
770 243 982 307 triginta
1016 245 1247 306 quinque.
1298 242 1421 291 adde
1455 242 1587 306 quod
1620 244 1772 290 etiam
1801 243 1856 290 in

155 320 496 381 quaternionis
522 319 689 382 quarti
715 319 894 367 decimi
911 319 1045 367 foliis
1072 318 1424 381 superstitibus
1449 318 1481 366 i.
1497 318 1551 365 in
1575 318 1854 381 fragmento

155 394 489 443 Schmitziano
513 410 691 456 parum
717 395 947 442 constans
967 397 1041 442 est
1064 409 1298 442 numerus
1311 409 1557 442 versuum.
1592 409 1718 454 quae
1745 408 1856 440 cum

152 471 227 517 ita
267 470 381 531 sint,
422 469 541 530 quin
580 470 863 533 fragmenta
903 469 1155 531 quondam
1194 484 1293 516 uno
1334 468 1456 517 folio
1488 468 1772 516 intermisso
1807 483 1857 515 se

155 543 449 606 exceperint,
482 561 577 592 non
612 546 687 592 est
718 543 936 591 dubium.

267 618 519 667 difficilior
551 621 716 666 autem
753 618 976 680 quaestio
1019 621 1238 667 exoritur
1269 619 1328 666 de
1360 620 1654 683 fragmentis
1686 617 1857 666 Mona-

154 693 496 756 steriensibus,
536 710 661 756 quae
709 695 906 741 saeculo
947 694 1236 742 duodecimo
1284 693 1562 757 Deycksius
1611 692 1856 742 attribuit.

155 770 338 818 diversi
370 768 552 818 codicis
586 771 735 831 atque
761 769 1046 817 Werdensis
1080 785 1138 816 ea
1170 770 1322 817 fuisse
1355 769 1522 817 censet
1547 767 1858 829 Schmitzius,

157 843 373 892 Crecelio
414 860 472 891 ex
513 843 681 892 eodem
722 843 919 891 fluxisse
960 843 1227 892 admodum
1258 845 1366 892 veri
1405 843 1564 893 simile
1599 845 1686 892 est.
1749 859 1858 905 per-

155 920 345 968 venisse
386 920 553 966 autem
594 918 716 966 folia
754 918 843 966 illa
874 919 1288 967 Monasteriensia
1327 921 1380 967 in
1413 918 1651 981 Deycksii
1683 934 1858 966 manus

154 1011 242 1056 per
266 994 481 1042 amicum
507 993 751 1055 quendam
778 993 1251 1042 Diisseldorfiensem
1280 995 1462 1043 conicit
1494 1009 1524 1041 a
1551 1010 1650 1056 quo
1684 995 1734 1041 et
1759 993 1858 1042 alia

155 1069 401 1131 Deycksio
427 1069 616 1117 tradita
649 1084 752 1117 esse
778 1071 986 1117 constat.
1037 1069 1098 1116 ab
1123 1069 1217 1117 hac
1241 1070 1399 1132 igitur
1421 1072 1565 1131 parte
1591 1068 1859 1116 admodum

154 1143 426 1206 probabilis
445 1145 518 1191 est
534 1142 739 1191 Grecelii
753 1143 934 1205 opinio.
961 1146 1128 1192 tamen
1144 1147 1350 1207 propter
1361 1144 1599 1206 Deycksii
1616 1144 1667 1190 in
1681 1144 1860 1191 descri-

154 1218 327 1266 bendis
344 1218 478 1267 foliis
497 1219 597 1267 suis
614 1219 982 1282 neglegentiam
999 1236 1102 1267 rem
1120 1221 1172 1266 in
1190 1219 1381 1267 lubrico
1395 1219 1585 1268 versari
1600 1235 1699 1267 non
1717 1233 1858 1282 nego.

267 1295 554 1343 accuratam
605 1296 772 1342 autem
821 1295 1067 1343 rationem
1116 1294 1383 1343 subducere
1438 1311 1538 1342 non
1581 1309 1859 1356 possumus,

155 1371 421 1432 propterea·
452 1369 582 1430 quod
616 1368 667 1415 in
700 1369 909 1432 singulis
941 1369 1140 1433 paginis
1177 1369 1574 1434 fragmentorum
1608 1372 1658 1416 et
1688 1368 1858 1416 Mona·

157 1443 468 1493 steriensium
500 1446 550 1492 et
573 1443 921 1492 Werdensium
948 1460 1182 1493 versuum
1212 1461 1445 1493 numerus
1477 1461 1576 1493 non
1609 1445 1732 1493 satis
1765 1443 1860 1491 sibi

156 1521 363 1568 constat.
410 1521 580 1567 tamen
611 1519 733 1567 haec
758 1519 841 1567 via
873 1535 971 1566 non
1003 1534 1204 1582 prorsus
1230 1519 1544 1568 destituenda
1570 1522 1656 1568 est.
1700 1520 1860 1583 igitur

157 1611 267 1642 cum
304 1595 646 1656 quaternionis
670 1594 797 1642 sexti
820 1595 997 1642 folium
1026 1595 1083 1642 6V
1106 1594 1302 1643 finitum
1328 1595 1394 1643 sit
1417 1611 1562 1644 versu
1591 1595 1636 1656 5,
1656 1596 1704 1655 4,
1738 1610 1857 1655 qua-

156 1669 395 1717 ternionis
435 1669 572 1716 tertii
613 1668 790 1716 decimi
830 1668 1008 1717 folium
1054 1671 1104 1717 11
1143 1670 1361 1732 coeperit
1402 1686 1430 1717 a
1473 1686 1619 1718 versu
1663 1672 1708 1730 9,
1738 1669 1859 1729 235,

158 1744 287 1792 inter
318 1746 583 1805 utrumque
617 1743 960 1791 desiderantur
992 1760 1161 1793 versus
1189 1744 1341 1793 Statii
1368 1745 1508 1794 3501
1539 1738 1612 1812 (5,
1641 1744 1858 1792 5—-753,

159 1820 207 1881 6,
236 1811 506 1884 1—929.1)
545 1821 591 1881 7,
620 1815 835 1866 1—823.
872 1820 918 1881 8,
949 1821 1164 1868 1—766.
1211 1821 1257 1881 9,
1287 1815 1530 1885 1-234),
1563 1819 1743 1882 quibus
1778 1819 1861 1867 ad-

158 1893 304 1942 dendi
337 1895 453 1942 sunt
493 1896 900 1956 argumentorum
950 1897 1191 1957 quattuor
1237 1911 1409 1944 versus
1451 1894 1859 1957 duodequinqua-

158 1969 298 2031 ginta
330 1985 420 2016 nec
459 1984 556 2016 non
589 1970 769 2030 quater
808 1971 1041 2031 quaterni
1074 1969 1495 2032 subscriptionum
1532 1972 1582 2016 et
1612 1969 1862 2031 inscripti-

158 2060 308 2091 onum
333 2059 516 2091 versus.
550 2043 720 2104 itaque
746 2047 1090 2106 computamus
1114 2045 1167 2092 in
1192 2047 1477 2094 universum
1502 2059 1673 2093 versus
1702 2044 1860 2092 3565.

158 2120 369 2181 paginae
397 2122 564 2166 autem
589 2118 874 2167 exciderunt
898 2119 1029 2167 inter
1052 2120 1333 2183 fragmenta
1359 2120 1675 2182 Deycksiana
1700 2111 1861 2186 (quat.

160 2192 231 2240 VI
255 2193 339 2241 fol.
362 2187 442 2259 5v)
469 2196 518 2241 et
541 2194 935 2257 fragmentorum
951 2194 1299 2243 Werdensium
1323 2195 1525 2242 initium
1552 2190 1713 2260 (quat.
1739 2193 1863 2241 XIII

160 2268 242 2316 fol.
275 2261 348 2335 11)
378 2270 496 2317 102.
546 2270 665 2315 sunt
697 2270 829 2315 enim
862 2284 944 2316 sex
970 2270 1322 2332 quaterniones
1355 2271 1541 2333 integri
1573 2272 1622 2317 et
1653 2269 1862 2316 ultimae

160 2359 242 2391 sex
275 2344 489 2406 paginae
531 2345 873 2404 quaternionis
914 2345 1053 2392 sexti.
1116 2344 1288 2406 itaque
1330 2346 1371 2394 si
1411 2345 1529 2393 licet
1569 2360 1729 2406 aequa
1761 2344 1863 2391 fere

159 2419 351 2466 ratione
378 2417 672 2465 distribuere
698 2418 811 2466 illos
836 2434 1006 2467 versus
1034 2420 1192 2481 3565,
1226 2420 1435 2483 singulis
1461 2420 1658 2484 paginis
1691 2419 1863 2481 scripti

161 2492 363 2540 fuerunt
395 2507 563 2541 versus
597 2493 782 2540 treceni
807 2494 963 2554 quini,
994 2510 1108 2542 raro
1141 2496 1328 2542 treceni
1362 2496 1606 2556 quaterni.
1653 2509 1770 2557 ergo
1803 2508 1864 2541 ne

160 2567 281 2615 haec
314 2566 513 2629 quidem
546 2567 900 2628 impedimento
934 2571 1063 2628 sunt,
1095 2569 1360 2630 quominus
1389 2570 1670 2632 fragmenta
1694 2567 1863 2617 Mona-

162 2642 421 2690 steriensia
454 2645 502 2689 et
533 2641 980 2691 Dfisseldorfiensia
1013 2643 1230 2691 eiusdem
1266 2643 1447 2692 codicis
1472 2643 1758 2691 Werdensis
1791 2660 1864 2691 re—

162 2716 345 2778 liquias
376 2716 661 2764 iudicemus

285 2891 327 2945 1)
361 2903 452 2932 non
492 2889 725 2932 numerati
766 2891 876 2933 sunt
906 2903 1065 2934 versus
1106 2891 1187 2946 qui
1219 2890 1268 2933 in
1300 2890 1572 2935 melioribus
1607 2889 1740 2933 libris
1774 2904 1865 2934 non

163 2947 384 3005 leguntur
417 2954 456 3003 6,
474 2952 662 2992 79—83.
696 2952 885 2993 88—89.
921 2954 1170 2995 227—233.
1207 2954 1455 2995 719—721.

1541 3025 1598 3069 C*
