2040 3164
682 138 1026 183 THEBAIDOS
1058 139 1154 182 LIB
1193 138 1270 182 VJ,
1722 135 1827 188 227

130 296 343 347 pressus
382 280 612 346 utroque
652 295 793 347 genu
835 275 1058 329 collecto
1101 274 1359 346 sanguine
1401 275 1608 328 discum
1744 285 1833 325 680.

131 354 245 421 ipse
286 370 445 421 super
485 370 599 404 sese
637 354 782 404 rotat
821 354 981 418 atque
1020 350 1075 401 in
1115 349 1302 402 nubila
1341 349 1537 402 condit.

131 427 222 479 ille
263 427 399 480 citus
441 426 669 479 sublime
708 427 845 494 petit
887 424 1186 493 similisque
1227 424 1437 477 cadenti

130 502 319 554 crescit
357 502 413 553 in
454 501 749 569 adversum,
790 499 1116 568 tandemque
1157 498 1449 551 exhaustus
1490 499 1555 551 ab
1597 499 1704 552 alto

129 576 332 628 tardior
371 575 437 627 ad
474 578 672 628 terram
711 574 850 626 redit
889 577 1050 642 atque
1090 574 1409 644 inmergitur
1449 574 1604 627 arvis,

130 651 205 702 sic
246 649 402 719 cadit,
443 650 687 702 attonitis
729 650 977 718 quotiens
1018 647 1269 701 avellitur
1307 648 1483 717 astriS,
1743 663 1826 702 685

131 724 271 777 Solis
313 742 478 793 opaca
517 742 690 792 soror3
730 723 918 793 procul
957 722 1272 775 auxiliantia
1311 727 1497 794 gentes

128 817 249 851 aera
289 802 508 867 crepant
545 799 850 867 frustraque
890 798 1098 867 timent,
1139 801 1194 850 at
1234 798 1490 851 Thessala
1531 798 1727 851 victrix

128 874 268 926 ridet
308 874 618 925 anhelantes
660 873 842 925 audito
884 873 1116 925 carmine
1154 872 1324 942 bigas,

128 948 451 1000 conlaudant
492 947 680 1016 Danai,
721 948 812 999 sed
850 965 961 999 non
1001 947 1102 1000 tibi
1141 949 1303 1000 molle
1343 948 1530 1016 tuenti,

128 1022 521 1092 Hippomedon,
562 1023 840 1091 maiorque
879 1041 1068 1075 manus
1109 1025 1356 1090 speratur
1395 1024 1452 1075 in
1491 1041 1676 1091 aequo,
1740 1037 1825 1076 690

239 1101 398 1166 atque
438 1097 520 1149 illi
560 1097 845 1166 extemp10‚
887 1098 974 1150 cui
1013 1115 1133 1165 spes
1173 1096 1466 1166 infringere
1508 1097 1661 1150 dulce

126 1172 432 1240 inmodicaS,
471 1171 711 1224 Fortuna
749 1171 911 1224 venit.
991 1171 1119 1240 quid
1158 1172 1383 1223 numina
1423 1175 1610 1225 contra

126 1246 341 1298 tendere
380 1247 461 1298 fas
501 1246 752 1298 homini?
792 1247 1026 1315 spatium
1066 1246 1171 1299 iam
1210 1245 1423 1299 inmane
1462 1247 1702 1315 parabat,

125 1322 231 1374 iam
274 1322 450 1374 cervix
490 1339 759 1388 conversa,
800 1325 853 1372 et
891 1322 997 1374 iam
1036 1320 1182 1372 latus
1225 1338 1380 1373 omne
1420 1321 1649 1373 redibat:

128 1395 325 1447 excidit
365 1398 487 1447 ante
525 1395 687 1464 pedes
728 1395 967 1464 elapsum
1006 1395 1217 1464 pondus
1258 1398 1312 1447 et
1349 1395 1489 1449 ictus
1740 1410 1823 1449 695

125 1470 371 1522 destituit
409 1471 718 1539 frustraque
757 1489 976 1523 manum
1016 1470 1229 1523 demisit
1267 1470 1494 1523 inanem.

125 1546 432 1616 ingemuere
473 1563 672 1613 011111οε,
712 1546 954 1613 rarisque
994 1563 1054 1597 ea
1093 1546 1209 1596 visa
1247 1545 1512 1613 voluptas,

123 1619 246 1671 inde
286 1620 353 1671 ad
393 1622 613 1671 conatus
651 1619 842 1672 timida
882 1619 1028 1671 subit
1067 1623 1179 1672 arte
1218 1619 1561 1673 Menestheus

124 1694 345 1763 cautior,
387 1697 440 1746 et
477 1693 708 1746 multum
747 1697 816 1763 10,
855 1694 998 1746 Maia
1038 1697 1192 1764 crete,
1233 1698 1423 1764 rogato

122 1768 280 1821 molis
319 1769 655 1837 praevalidae
695 1768 924 1839 castigat
961 1769 1180 1838 pulvere
1218 1769 1401 1837 lapsus
1737 1784 1821 1823 700

244 1920 328 1959 682
363 1916 482 1961 Serv.
509 1916 624 1959 Aen.
652 1920 692 1969 8,
713 1920 766 1959 91
801 1915 979 1958 labitur
1008 1917 1152 1959 uncta
1182 1915 1315 1960 vadis
1349 1916 1501 1959 abies:
1537 1916 1822 1960 descenden-

122 1974 183 2018 tis
225 1974 463 2019 celeritate
504 1989 648 2032 prope
689 1975 974 2019 conscendit.
1047 1975 1224 2019 Statius
1266 1976 1323 2020 de
1361 1976 1509 2019 disco:
1560 1975 1819 2032 similisque

154 2070 192 2078 ..
227 2035 484 2078 adversum.
564 2036 620 2090 cf.
655 2036 775 2080 Serv.
809 2036 922 2078 Aen.
960 2040 1036 2089 12,
1063 2038 1148 2079 856
1201 2036 1283 2080 ubi
1331 2035 1380 2078 in
1430 2036 1644 2080 adversos
1692 2038 1817 2081 codd.

122 2096 336 2140 Serviani

242 2233 323 2272 681
369 2229 499 2289 sese}
537 2231 685 2286 (-que)
718 2233 751 2271 B
887 2233 971 2272 683
1013 2229 1153 2272 cessit
1189 2229 1401 2282 Guietus,
1449 2230 1526 2274 sed
1565 2231 1817 2286 perfectum

119 2290 235 2343 ferri
264 2291 421 2346 nequit
527 2289 744 2333 adversos
785 2288 905 2333 Serv,
948 2290 1088 2334 altero
1129 2290 1222 2333 loco
1328 2303 1440 2344 -que
1481 2304 1564 2333 om.
1606 2295 1633 2332 c
1742 2304 1817 2333 ex-

121 2350 282 2392 austus
314 2353 340 2391 b
466 2353 550 2393 684
584 2349 642 2391 ad
671 2354 723 2391 P:
757 2349 806 2391 in
832 2363 876 2392 ω
1001 2353 1083 2392 687
1111 2348 1172 2392 ad
1196 2353 1228 2391 Ρ
1319 2348 1487 2392 victrix
1510 2363 1565 2393 eoe
1587 2348 1716 2392 vicus
1744 2350 1813 2392 cl:

119 2407 278 2452 victl-is
327 2411 619 2466 (quamquam
663 2409 919 2464 scripturus
966 2414 1064 2453 erat
1109 2409 1192 2463 -ix)
1242 2408 1298 2456 Ql
1451 2411 1536 2451 690
1576 2422 1687 2464 -que
1726 2424 1759 2454 s.
1787 2412 1814 2454 l.

120 2498 226 2542 add.
258 2497 326 2540 Μ]
478 2503 562 2542 691
604 2498 691 2542 Ast
729 2513 777 2565 v·
885 2472 1095 2554 extemplo
1136 2497 1241 2546 Qlfl
1364 2497 1499 2541 dulce
1541 2498 1612 2541 est
1642 2513 1726 2552 μν

120 2591 203 2630 692
236 2568 423 2642 numilia
450 2587 517 2630 Ml
640 2591 722 2630 693
747 2567 947 2643 &BR
982 2601 1092 2643 -que
1118 2591 1242 2636 ch:
1275 2587 1463 2643 iamque
1486 2591 1518 2629 1.
1611 2588 1815 2644 spatium

117 2676 213 2720 iam
244 2676 449 2721 immane
479 2676 680 2734 parabat
702 2675 764 2743 N?
788 2678 839 2720 in
862 2691 954 2721 ras.
1078 2681 1162 2720 695
1195 2645 1322 2720 113111ἓὲ
1343 2677 1474 2734 (eras.
1500 2675 1669 2733 iactus)
1697 2682 1724 2719 c

120 2770 203 2808 696
238 2766 418 2810 dimisit
449 2771 665 2821 nfcav:
709 2745 834 2810 dessm-
873 2765 988 2808 3161
1118 2770 1203 2810 698
1243 2765 1415 2809 timida
1453 2780 1508 2810 ex
1545 2766 1617 2808 tu·
1651 2770 1698 2810 b:
1741 2770 1813 2810 tu-

11 2798 31 2864 ..
118 2825 247 2869 mida
278 2831 316 2868 N
439 2831 524 2870 699
558 2828 681 2870 crete
714 2814 937 2870 Schrader
960 2827 1044 2882 (eL.
1072 2830 1116 2881 8,
1132 2828 1265 2883 278);
1301 2827 1455 2869 create
1485 2830 1518 2867 P
1551 2828 1730 2882 (natum
1760 2842 1815 2872 eae

118 2895 178 2917 cre

148 2917 296 2972 nate):
337 2916 447 2958 nate
481 2930 526 2959 ω
673 2919 756 2958 700
800 2914 936 2958 Molis
977 2930 1031 2959 θα)
1069 2915 1205 2959 Μο11-
1244 2915 1319 2958 B3:
1361 2914 1526 2959 Molles
1559 2914 1635 2958 12¹:
1673 2915 1811 2959 Molis

118 2973 281 3032 1002229.
374 2974 673 3031 praevalidae
705 2979 756 3018 P:
789 2974 1128 3031 praegravidae
1161 2990 1221 3029 ω,
1255 2975 1310 3028 cf.
1340 2978 1381 3029 7,
1400 2978 1492 3019 396

1458 3048 1543 3092 15*
