2132 3152
270 121 504 167 XXXVIII
771 120 1053 166 EDITORIS
1084 117 1426 166 PRAEFATIO

269 263 493 326 pluribus
532 262 747 310 librariis
788 262 974 323 scripta
1012 255 1146 328 est.¹)
1217 262 1298 310 hic
1337 262 1486 311 codex
1526 263 1645 310 olim
1684 263 1747 310 ad
1786 263 1959 311 biblio-

270 338 466 385 thecam
492 337 923 398 Herbipolitanam
955 337 1209 398 pertinuit.
1244 337 1381 385 cuius
1412 337 1485 385 rei
1516 337 1852 386 testimonium
1888 340 1962 385 est

270 414 389 460 nota
422 412 483 459 ab
515 411 623 473 ipso
656 411 866 459 fortasse
898 411 1233 475 Berneggero,
1264 426 1414 473 penes
1448 427 1593 473 quem
1625 412 1775 460 codex
1807 428 1959 474 quon-

272 487 386 534 dam
417 485 528 547 fuit,
565 485 816 547 adscripta
846 486 898 532 in
928 487 1236 550 tegumento:
1269 479 1660 552 Nobiliss(imus)
1697 479 1960 552 Ioan(nes)

270 561 552 609 Ludovicus
567 561 719 621 Peycr
734 559 1103 620 Scaphusianus
1127 561 1212 608 hoc
1237 561 1538 609 bibliothecae
1562 561 1619 607 H
1619 561 1963 620 erbipolitanae

268 636 481 695 spolium
504 635 629 683 dono
652 637 787 683 misit
801 636 1042 683 Matthiae
1058 635 1362 696 Berneyyero
1384 634 1540 683 1635.
1574 635 1855 699 Bernegger
1879 651 1962 683 au-

269 713 371 757 tem
401 710 583 757 librum
607 707 856 758 Gronovio
889 709 1126 757 utendum
1158 710 1398 772 permisit,
1431 709 1517 771 qui
1548 710 1659 771 plus
1685 710 1836 757 semel
1861 711 1963 758 eius

269 783 569 832 mentionem
609 783 741 832 fecit.
805 784 866 831 ab
898 785 991 832 hoc
1023 783 1172 832 codex
1210 784 1263 831 in
1293 784 1646 832 bibliothecam
1676 783 1961 832 Leidensem

270 858 509 921 pervenit.

382 933 647 980 collatione
660 934 773 980 utor
786 933 1187 981 Kohlmanniana
1200 933 1250 980 in
1265 933 1480 981 editione
1493 933 1823 996 promulgata.
1841 933 1962 981 ima-

270 1010 434 1071 ginem
450 1010 615 1056 autem
630 1007 839 1055 duarum
852 1008 1032 1055 codicis
1046 1007 1343 1071 paginarum
1358 1007 1553 1055 exhibet
1564 1001 1963 1072 Chatelainius.2)

382 1082 592 1144 denique

764 1198 778 1205 ,
829 1156 1113 1204 Italicum
1147 1157 1407 1205 codicem

190 1272 247 1315 Μ
384 1261 588 1309 adhibui
605 1278 757 1309 unum
773 1261 824 1308 M
835 1277 859 1308 e
871 1260 927 1308 di
939 1276 964 1309 c
974 1277 998 1308 e
1009 1278 1040 1308 u
1050 1279 1099 1308 m
1116 1260 1443 1309 bibliothecae
1457 1261 1819 1310 Laurentianae
1835 1261 1964 1308 Plut.

274 1338 358 1397 38,
386 1337 432 1396 6,
473 1336 614 1384 nobis
646 1340 717 1384 M.
782 1351 928 1398 quem
968 1337 1116 1383 antea
1156 1336 1256 1383 fere
1289 1329 1623 1402 neglectum-⁹³)
1658 1352 1785 1383 anno
1822 1337 1960 1383 1906

270 1411 551 1459 Florentiae
599 1410 801 1459 contuli.
872 1409 999 1458 liber
1042 1410 1254 1472 scriptus
1298 1411 1492 1458 saeculo
1534 1410 1789 1458 undecimo
1832 1410 1964 1457 Stati

272 1484 574 1533 Thebaidem
605 1484 739 1532 foliis
773 1487 969 1532 centum
1001 1486 1254 1548 octoginta
1285 1500 1514 1532 versuum
1548 1485 1773 1532 vicenum
1806 1486 1964 1546 septe-

271 1576 389 1607 num
421 1561 642 1608 continet
672 1559 844 1607 multis
869 1559 1068 1608 scholiis
1101 1561 1394 1607 enarratam.
1443 1559 1494 1606 in
1520 1558 1908 1607 Laurentianam
1939 1574 1963 1605 e

271 1650 427 1697 parva
459 1634 758 1682 bibliotheca
803 1633 974 1681 Sancti
1014 1633 1230 1695 Spiritus
1264 1627 1427 1701 (banc.
1451 1633 1577 1682 VIII
1604 1627 1659 1700 9)
1692 1633 1965 1681 translatus

273 1711 360 1757 est.
438 1709 556 1756 olim
603 1709 802 1757 Ioannis
842 1708 1097 1756 Boccaccii
1134 1709 1254 1770 fuit,
1294 1709 1430 1756 cuius
1476 1723 1626 1755 manu
1665 1709 1715 1755 et
1759 1708 1965 1755 lacunae

274 1783 516 1846 quaedam
556 1783 779 1844 expletae
821 1784 870 1830 et
907 1783 1105 1830 litterae
1143 1783 1344 1831 madore
1386 1784 1645 1844 corruptae
1684 1783 1736 1830 in
1775 1781 1964 1830 ultimis

272 1858 563 1921 praesertim
594 1858 729 1905 foliis
763 1857 1025 1905 restitutae
1067 1860 1194 1905 sunt.
1244 1858 1442 1919 scripsit
1475 1858 1639 1904 autem
1672 1855 1964 1904 Boccaccius

273 1933 395 1980 folia
419 1931 638 1980 insiticia
665 1933 749 1980 43.
780 1933 898 1980 100.
929 1934 1046 1979 111.
1078 1933 1196 1980 165.
1227 1932 1486 1979 166.171.
1518 1933 1775 1993 praeterea
1799 1931 1963 1979 varias

273 2007 506 2055 lectiones
540 2023 564 2054 e
589 2006 717 2054 libro
742 2006 1094 2067 recentissimo,
1126 2022 1300 2068 nempe
1326 2000 1383 2054 ex
1416 2005 1586 2054 eodem
1610 2005 1737 2052 unde
1761 2005 1964 2053 lacunas

274 2081 546 2143 supplevit,
584 2081 716 2128 idem
754 2081 834 2128 hi'c
864 2081 969 2128 illic
1017 2080 1287 2129 adnotavit.
1351 2082 1526 2142 poetae
1558 2096 1733 2127 nomen
1766 2081 1966 2140 praeter

274 2156 485 2203 ftontem
517 2155 633 2202 libri
656 2182 728 2187 —-
752 2155 831 2202 hic
863 2154 1047 2203 Statius
1082 2155 1350 2203 Thebaidos
1389 2155 1573 2217 legitur
1595 2181 1667 2186 —
1691 2169 1789 2200 non
1815 2154 1962 2201 extat.

386 2245 573 2278 errores
604 2229 788 2277 multos
819 2229 925 2291 ipse
956 2229 1188 2277 librarius
1214 2222 1342 2296 (Ml)
1377 2228 1671 2289 emendavit,
1703 2228 1870 2290 plures
1895 2229 1964 2275 et-

274 2306 374 2351 iam
406 2306 650 2352 corrector
681 2303 883 2365 quidam
915 2304 1151 2365 aequalis,
1185 2304 1271 2364 qui
1303 2303 1489 2351 scholia
1521 2303 1784 2364 adscripsit
1810 2295 1963 2368 (M“);

275 2379 406 2425 idem
430 2380 596 2426 varias
620 2378 855 2426 lectiones
878 2377 1012 2426 haud
1043 2394 1155 2425 raro
1183 2377 1456 2440 adscripsit.
1500 2378 1821 2426 correctorem
1849 2391 1963 2423 vero

276 2453 432 2500 altero
472 2452 638 2500 codice
679 2468 781 2500 esse
819 2468 979 2512 usum,
1019 2468 1118 2500 non
1158 2452 1328 2500 eodem
1367 2451 1495 2498 unde
1535 2445 1613 2499 Ml
1653 2450 1815 2510 fluxit,
1855 2465 1963 2497 cum

275 2527 461 2586 multis,
493 2529 600 2573 tum
630 2527 707 2574 his
731 2526 853 2575 locis
885 2526 1202 2574 inlustratur:

427 2602 474 2660 3,
501 2602 604 2648 516
631 2602 807 2661 phoebi
837 2595 1048 2648 Mle:
1081 2601 1202 2649 caeli
1233 2594 1436 2655 M⁰Q1r
1461 2592 1615 2666 (N¹‘?)

426 2676 473 2735 4,
503 2676 605 2722 765
631 2676 894 2735 pluvioque
924 2669 1135 2723 Mle:
1167 2676 1408 2734 fluvioque
1438 2675 1572 2722 M⁰c

397 2834 438 2887 1)
473 2831 530 2875 cf.
566 2830 848 2874 Kohlmanni
879 2829 1082 2874 Thebais
1118 2834 1231 2874 1884
1262 2845 1307 2886 p.
1332 2829 1408 2874 XI.

395 2894 437 2947 2)
469 2889 811 2947 Paleographie
844 2890 924 2934 des
957 2889 1210 2945 classiques
1241 2889 1381 2933 latins
1406 2888 1448 2932 II
1479 2887 1540 2946 pl.
1570 2891 1668 2930 163.

396 2952 439 3007 3)
473 2949 530 2993 cf.
565 2949 616 2994 O.
641 2949 837 3006 Hecker,
869 2948 1268 2994 Boccacciofunde
1303 2953 1430 2992 1902.
