2040 3164
589 83 933 129 THEBAIDOS
966 83 1077 128 LIB.
1103 84 1178 128 IV.
1463 115 1466 117 -
1634 84 1738 137 139

43 241 215 294 angue
255 226 338 275 ter
378 238 600 274 excusso
641 224 693 273 et
733 221 984 292 flagranti
1026 220 1241 290 praevia
1279 223 1422 287 taxo,
1656 235 1742 273 485

39 297 346 367 Tisiphone,
387 296 494 348 dux
534 296 707 365 pande
749 295 904 361 diem,
943 313 1042 348 nec
1081 296 1217 348 lucis
1258 298 1474 366 egentes

42 371 303 424 Cerberus
344 389 571 424 occursu
610 371 848 439 capitum
888 370 1207 438 detorqueat
1245 369 1499 423 umbras’.

151 446 371 514 dixerat,
412 449 464 498 et
504 446 706 514 pariter
745 445 922 498 sem'or
960 443 1318 514 Phoebeaque
1357 445 1511 515 virgo

38 539 250 574 erexere
289 521 519 590 animos3
560 519 641 572 illi
679 518 966 572 formidine
1004 518 1169 588 nulla,
1622 566 1641 584 ‚

37 596 236 665 quippe
276 595 333 647 in
372 594 531 648 corde
571 594 715 662 dene,
755 593 931 646 solum
970 594 1136 647 timor
1175 594 1356 646 obruit
1395 595 1586 665 ingens
1655 607 1741 647 490

37 668 514 739 Oedipodioniden,
553 669 799 738 vatisque
838 667 1104 721 horrenda
1144 669 1384 721 canentis

35 763 177 796 nunc
215 762 431 797 umeros
470 761 614 796 nunc
652 743 743 795 ille
783 761 973 795 manus
1014 746 1066 796 et
1106 742 1305 795 vellera
1344 746 1551 811 pressat

37 820 228 872 anxius
268 819 605 888 inceptisque
644 817 775 870 velit
815 817 1071 870 desistere
1112 818 1291 871 sacris.

36 893 210 963 qualis
251 892 504 946 Gaetulae
545 892 907 945 stabulantem
947 892 1013 945 ad
1054 893 1311 964 confraga
1350 891 1517 944 silvae

33 971 258 1021 venator
295 967 459 1038 longo
499 970 709 1021 motum
750 967 981 1020 clamore
1021 965 1232 1020 leonem
1653 981 1739 1020 495

37 1045 282 1111 expectat
321 1043 541 1095 firmans
581 1042 820 1094 animum
859 1044 912 1093 et
953 1041 1201 1094 sudantia
1240 1042 1363 1094 nisu

34 1116 143 1170 tela
180 1135 450 1187 premens3
490 1116 634 1188 gelat
676 1134 770 1168 ora
809 1134 978 1185 pavor
1018 1134 1341 1187 gressusque
1381 1117 1712 1185 tremiscunt,

35 1192 155 1261 quis
195 1192 374 1245 veniat
416 1195 773 1260 quantusque,
813 1191 903 1243 sed
944 1190 1162 1243 horrida
1203 1192 1356 1262 signa
1396 1191 1674 1244 frementis

35 1266 229 1336 accipit
270 1270 322 1319 et
362 1284 516 1319 caeca
556 1267 777 1319 metitur
814 1284 1091 1318 murmura
1132 1283 1272 1319 cura.

53 1346 65 1361 ’·
147 1344 306 1409 atque
330 1341 419 1394 hic
436 1341 669 1394 Tiresias
694 1341 935 1393 nondum
960 1340 1374 1394 adventantibus
1391 1340 1620 1394 umbris:
1655 1354 1742 1394 500

35 1415 244 1469 ‘testor’
285 1416 375 1484 ait,
417 1416 604 1485 ‘div-ae,
646 1415 840 1485 quibus
881 1414 1026 1468 hunc
1066 1417 1425 1468 saturavimus
1467 1415 1647 1486 ignem

33 1489 291 1559 laevaque
334 1489 618 1543 convulsae
660 1490 902 1542 dedimus
942 1489 1214 1543 carchesia
1252 1493 1440 1558 terrae,

32 1565 140 1616 iam
178 1583 384 1634 nequeo
425 1565 653 1617 tolerare
694 1583 914 1617 moram.
995 1582 1245 1618 cassusne
1286 1564 1533 1617 sacerdos

33 1639 259 1693 audior?
299 1658 381 1708 an,
419 1639 605 1692 rabido
647 1639 830 1692 iubeat
871 1639 916 1691 si
956 1638 1211 1691 Thessala
1252 1643 1428 1707 cantu,

153 1805 239 1844 485
274 1802 418 1846 Prisc.
445 1801 521 1846 GL
546 1801 588 1844 Π
613 1805 713 1854 346,
741 1805 765 1843 3
793 1800 961 1858 anguis
989 1800 1047 1844 ab
1075 1815 1229 1857 angue
1256 1801 1327 1844 vel
1353 1801 1510 1858 angui.
1563 1801 1741 1846 Statius

32 1859 82 1927 in
114 1860 220 1905 IHI:
254 1874 406 1919 angue
438 1863 512 1906 ter
543 1875 737 1905 excusso

153 2013 239 2052 486
272 2009 527 2067 Tesiphide
559 2015 581 2052 f
700 2014 786 2053 490
819 2010 960 2053 timor
984 2014 1075 2058 sz
1110 2012 1283 2054 tremor
1311 2025 1356 2053 ω
1480 2014 1565 2054 491
1602 2010 1740 2055 Oedi-

31 2069 335 2126 podionidem
367 2074 394 2112 b
502 2075 587 2113 492
621 2068 757 2113 Hunc
781 2085 823 2124 μ
908 2070 1126 2113 humeros
1152 2075 1184 2112 P
1292 2074 1379 2114 494
1411 2070 1738 2128 gaegtulaeB:

31 2158 280 2215 gaetuleae
305 2161 390 2215 (-e-
415 2160 609 2204 medium
635 2159 720 2203 del.
747 2161 810 2215 A)
837 2161 965 2202 ALb
1075 2163 1160 2202 495
1194 2139 1398 2213 clamare
1425 2159 1482 2208 αἳ
1580 2164 1671 2203 496
1693 2162 1740 2204 et

30 2232 114 2263 om.
140 2223 175 2261 D
254 2218 473 2262 sudantia
492 2220 629 2275 (-atia
646 2222 689 2275 b)
708 2233 775 2262 w:
797 2218 1047 2262 suadentia
1066 2223 1099 2261 P
1191 2223 1276 2262 497
1305 2234 1384 2263 ora
1410 2235 1476 2263 w:
1512 2233 1589 2264 ore
1615 2225 1647 2262 P

34 2293 38 2297 “
593 2290 617 2311 V

33 2303 302 2380 {gressuique
335 2323 410 2367 Pl:
455 2324 725 2380 grescisque
758 2322 844 2367 Ml:
879 2336 1136 2380 gresusque
1168 2339 1191 2365 r
1299 2325 1587 2368 tremescunt
1617 2329 1650 2367 P

27 2404 118 2470 ’500
151 2382 307 2483 &tque
338 2427 436 2471 11⁰:
490 2427 563 2470 Ad
603 2441 725 2483 quae
758 2433 787 2470 c
909 2427 1057 2483 Atqui
1104 2429 1176 2483 (ex
1215 2441 1282 2480 -e‚
1331 2441 1413 2471 om.
1455 2428 1550 2484 hic)
1583 2429 1650 2483 ,ιιἓ

30 2489 116 2530 ’501
152 2486 287 2530 divae
321 2491 407 2531 Ρω
442 2488 515 2543 (cf.
554 2488 678 2545 Verq.
706 2488 819 2531 Aen.
846 2490 1038 2543 2,431):
1079 2486 1209 2531 divos
1245 2490 1413 2531 ALDb
1447 2491 1579 2544 (quae
1612 2490 1738 2534 lectio

1391 2557 1412 2579 Ο

30 2589 158 2645 haud
195 2593 286 2636 scio
327 2606 390 2635 an
429 2597 543 2636 nata
582 2594 643 2636 sit
681 2607 737 2636 ex
774 2593 1092 2648 suprascripto
1132 2594 1250 2648 vos):
1310 2590 1440 2648 div{s
1482 2593 1558 2640 αις
1608 2593 1737 2637 divas

33 2650 226 2706 Maller:
277 2650 412 2695 Diras
446 2653 671 2696 Heinsius
770 2665 850 2695 vos
883 2652 1031 2695 testor
1064 2651 1201 2695 divae
1237 2650 1520 2706 GarrocMus,
1560 2653 1637 2697 sed
1670 2653 1738 2697 ait

29 2712 280 2767 qenuinum
326 2724 415 2755 esse
462 2717 654 2756 testatur
696 2711 820 2768 Very.
856 2712 970 2755 Aen.
997 2715 1041 2764 2,
1061 2714 1149 2754 155
1260 2711 1575 2755 saturabimus
1615 2717 1648 2755 P

33 2772 117 2812 502
152 2769 397 2825 Laevaque
431 2774 595 2814 ΡωΣ;
637 2770 871 2827 plenaque
911 2770 1203 2828 Peyraredus
1302 2771 1524 2815 convulsa
1550 2807 1559 2815 .
1581 2807 1588 2815 .
1614 2773 1738 2816 terra

29 2857 146 2902 idem
278 2863 364 2902 503
398 2841 591 2903 cassusne
626 2859 681 2901 Β1
811 2863 897 2902 504
930 2859 1096 2902 rabido
1130 2873 1184 2903 ετ
1215 2872 1321 2915 rap·
1354 2860 1424 2903 b¹z
1470 2861 1637 2917 rapido
1670 2867 1737 2916 ἰμ

121 2917 284 2961 iubeat
316 2933 370 2963 σω
402 2919 561 2964 iuveat
587 2918 642 2961 ΡΙ
881 2939 883 2942 ·
