2132 3152
228 107 329 154 mv
743 108 1024 154 EDIToms
1054 96 1410 156 PRAEFATIO

229 252 333 300 aris
357 255 479 299 Pw:
504 252 652 299 astris
680 251 820 300 ‘baris
844 254 932 299 rb.
974 254 995 298 1
996 252 1056 351 ἑ),
1076 251 1143 299 28
1171 251 1408 312 belliger-is
1430 255 1553 300 Pw:
1578 253 1809 314 belliferis
1831 257 1918 302 rb.

232 372 316 431 10,
337 371 439 419 195
475 369 708 418 aonidum
738 373 860 417 Pm:
893 371 1092 418 aonium
1124 385 1173 416 r:
1207 371 1407 418 aonium
1436 374 1488 419 b.
1571 373 1654 431 10,
1681 373 1784 419 236
1819 371 1921 420 Nec

228 445 358 493 deest
385 449 505 492 Ρωε
538 444 704 503 Neque
736 445 865 491 deest
901 448 989 492 rb.
1050 445 1132 504 10,
1151 444 1254 492 401
1292 459 1402 504 -que
1434 461 1527 493 om.
1559 450 1649 494 rb.
1709 448 1793 506 10,
1811 447 1917 494 402

230 520 405 581 eqreyii
441 519 660 566 nondum
698 518 835 566 ducis
873 520 1121 567 immemor
1143 521 1281 575 ΔΡωι
1322 521 1499 581 eyreyii
1537 520 1675 569 ducis
1703 521 1922 568 nondum

227 595 475 642 immemor
505 597 558 653 b,
592 609 649 641 ex
682 608 780 655 qua
811 592 1045 653 lectione,
1077 594 1135 639 ut
1164 608 1334 642 versus
1366 595 1536 655 staret,
1568 594 1620 641 in
1650 610 1680 643 r
1710 595 1919 643 factum:

229 669 495 730 eyreyiique
526 668 662 715 ducis
691 681 791 714 non
821 669 1083 715 immemor.
1174 668 1256 728 10,
1285 668 1388 716 529
1424 668 1665 717 lacessunt
1694 673 1816 716 Pw:
1848 669 1919 717 la-

228 744 367 790 cessit
394 746 468 790 rb
551 744 634 802 11,
662 743 764 790 276
799 742 948 790 Deest
968 745 1088 790 Pm:
1122 742 1269 789 Deest
1289 757 1421 791 nunc
1443 747 1531 791 rb.
1591 746 1673 804 11,
1701 745 1805 791 313
1831 745 1922 791 iter

228 835 347 879 Pm:
381 834 494 880 tunc
524 835 597 879 rb
633 810 862 897 (zmtoetaec).
945 833 1028 891 11,
1055 832 1161 879 510
1201 831 1347 879 letum
1383 834 1575 892 utrique
1604 833 1765 881 volens
1796 836 1918 880 Pw:

227 908 416 965 utrique
447 906 609 954 volens
642 906 816 954 loetum
839 909 927 953 rb.
986 906 1070 965 12,
1097 906 1203 952 314
1228 907 1512 967 suffusaque
1536 909 1775 968 sanquine
1797 911 1919 955 Pw:

227 982 504 1041 suffusoque
537 982 588 1028 in
618 981 858 1042 sanquine
887 995 937 1027 r:
976 982 1180 1040 fusoque
1210 981 1264 1027 in
1293 983 1533 1043 sanquine
1569 986 1620 1030 b.
1702 983 1785 1042 12,
1813 982 1916 1030 457

1673 1053 1802 1083 ¹&artus

229 1101 445 1160 coniuyis
490 1102 628 1147 artus
674 1103 795 1147 Pw:
844 1100 1061 1159 coniuyis
1098 1114 1267 1148 manes
1308 1105 1367 1148 b:
1419 1102 1635 1162 coniugis
1672 1116 1840 1149 manes
1877 1117 1917 1148 r.

227 1176 485 1236 praeterea
516 1174 576 1222 cf.
612 1175 659 1234 5,
687 1175 806 1221 342.
837 1174 882 1235 5,
910 1175 1030 1221 377.
1068 1175 1115 1234 8,
1142 1175 1263 1222 324.
1301 1176 1383 1234 10,
1410 1175 1530 1223 315.
1568 1177 1651 1235 10,
1679 1176 1798 1223 380.
1837 1177 1919 1236 10,

230 1250 350 1297 609.
387 1250 470 1309 11,
499 1249 617 1296 728.
655 1250 737 1309 12,
766 1249 885 1296 262.
923 1249 1004 1309 12,
1034 1250 1152 1296 611.
1191 1251 1273 1310 12,
1302 1248 1403 1297 786
1432 1249 1494 1296 al.

339 1338 438 1385 huc
462 1353 621 1399 usque
645 1337 776 1386 inter
800 1336 1022 1401 singulos
1047 1336 1236 1385 codices
1262 1340 1451 1386 certum
1477 1340 1786 1402 cognationis
1808 1356 1917 1402 gra-

229 1412 347 1459 dum
380 1411 680 1460 constituere
713 1411 869 1460 licuit.
926 1411 1011 1460 sed
1042 1412 1177 1460 ultra
1208 1414 1266 1460 ut
1297 1414 1504 1460 stemma
1528 1412 1788 1476 fingamus,
1823 1430 1918 1476 quo

228 1502 348 1535 suus
374 1488 550 1548 cuique
576 1486 735 1535 codici
757 1487 893 1534 locus
919 1487 1214 1550 assignetur,
1239 1503 1338 1535 non
1362 1487 1720 1551 progredimur.
1753 1490 1918 1536 tamen

227 1562 320 1610 hoc
351 1562 522 1623 aliqua
553 1560 907 1622 probabilitate
931 1562 1185 1623 statuitur,
1219 1560 1366 1609 sicuti
1389 1578 1539 1609 unam
1562 1562 1782 1610 familiae
1807 1562 1918 1611 stir-

227 1652 339 1698 pem
365 1635 709 1683 Germanicam
741 1651 891 1698 supra
916 1636 1275 1697 coniunximus,
1307 1635 1427 1683 item
1459 1637 1668 1684 alteram
1701 1653 1918 1699 compre-

228 1709 376 1758 hendi
407 1725 563 1772 posse,
596 1726 722 1772 quae
755 1725 867 1757 cum
892 1713 1089 1772 praeter
1120 1710 1245 1758 alios
1278 1726 1360 1758 eos
1391 1710 1704 1772 potissimum
1729 1711 1919 1759 codices

228 1785 573 1846 amplectatur,
613 1784 699 1846 qui
738 1799 867 1832 nunc
907 1784 959 1831 in
999 1785 1263 1833 Britannia
1302 1786 1584 1845 servantur,
1623 1801 1721 1833 non
1752 1785 1919 1848 inepte

229 1859 360 1906 haud
393 1858 492 1907 scio
526 1874 590 1906 an
615 1858 828 1923 Anglica
853 1858 1059 1907 dicatur.
1105 1875 1202 1920 quo
1235 1860 1432 1907 nomine
1464 1859 1522 1907 de
1547 1859 1736 1923 origine
1768 1859 1917 1909 libro-

227 1950 338 1980 rum
369 1933 635 1995 quicquam
666 1933 945 1995 praedicari
985 1949 1102 1982 cave
1135 1933 1411 1982 credideris.
1475 1936 1550 1982 est
1580 1934 1737 1997 igitur
1767 1936 1917 1996 stirps

227 2007 439 2071 Anglica
477 2008 653 2055 horum
692 2008 792 2056 fere
833 2007 1054 2056 codicum
1094 2011 1284 2056 WDN
1291 2023 1321 2055 r
1353 2008 1531 2056 Turon.
1595 2009 1675 2056 cui
1715 2025 1917 2056 numero

228 2082 468 2130 accedunt
505 2097 562 2129 ex
587 2083 728 2144 parte
753 2086 884 2140 ὀμν
911 2097 1212 2144 quamquam
1243 2081 1321 2130 his
1345 2099 1454 2130 cum
1481 2082 1773 2131 Germanica
1798 2099 1916 2144 quo-

230 2172 322 2218 que
355 2156 506 2218 stirpe
540 2155 758 2204 affinitas
791 2158 879 2216 est,
910 2172 1000 2204 nec
1031 2157 1177 2220 longe
1210 2156 1351 2204 abest
1383 2161 1431 2205 S.
1490 2157 1576 2218 qui
1609 2156 1797 2205 codices
1838 2158 1917 2205 vel

229 2230 503 2292 complures
529 2232 608 2280 vel
632 2230 858 2278 nonnulli
874 2230 1007 2278 haud
1031 2231 1201 2292 paucis
1226 2230 1346 2279 locis
1371 2232 1503 2278 inter
1520 2246 1570 2279 se
1587 2232 1914 2292 consentiunt,

229 2321 285 2352 ex
318 2304 497 2366 quibus
530 2304 770 2366 quosdam
799 2305 1010 2366 profero.
1094 2353 1097 2356 ,

380 2381 427 2439 6,
454 2380 558 2432 309
592 2381 789 2441 differre
819 2382 883 2427 P:
923 2381 1051 2440 ferre
1091 2380 1140 2426 et
1179 2395 1306 2440 quae
1349 2379 1463 2427 hinc
1494 2381 1614 2426 nata
1645 2380 1761 2427 sunt
1793 2373 1915 2445 m1):

229 2454 415 2513 deferre
446 2453 659 2517 genuina
690 2454 838 2501 lectio
870 2446 1200 2512 Dbuvg²B³

382 2529 427 2586 7,
453 2528 558 2575 405
593 2529 842 2587 aversique
873 2530 994 2575 Pw:
1027 2527 1310 2587 adversique
1340 2531 1393 2575 N
1401 2543 1479 2586 ru
1490 2546 1535 2576 ν.

383 2603 428 2661 7,
455 2602 558 2649 635
591 2604 756 2650 iuveni
785 2605 906 2649 Pm:
938 2602 1125 2650 iuvenis
1156 2605 1454 2660 DNSuvc

383 2677 428 2736 7,
456 2677 559 2723 764
594 2677 806 2724 devitare
836 2678 958 2723 Pw:
989 2677 1144 2723 vitare
1173 2691 1222 2723 r:
1257 2679 1325 2723 est
1353 2676 1507 2723 vitare
1538 2679 1607 2723 Dz
1638 2675 1739 2722 iam
1762 2676 1915 2722 vitare

230 2757 356 2830 (iam
394 2763 445 2811 in
485 2765 575 2812 lac.
618 2757 708 2830 52²)
746 2767 799 2812 Ν
807 2780 870 2822 με
912 2747 1144 2812 ‘'r“‘vitare
1182 2757 1250 2813 12².
1330 2780 1425 2826 quo
1465 2763 1572 2812 loco
1613 2763 1846 2811 damnum
1885 2779 1915 2811 r

351 2935 393 2992 1)
426 2934 483 2978 cf.
517 2949 657 2992 supra
687 2949 733 2991 p.
757 2933 914 2979 XLIV.
