2040 3164
734 92 1079 139 THEBAIDOS
1110 92 1222 139 LIB.
1248 92 1346 138 VII.
1777 91 1811 143 2
1819 90 1887 143 79

181 233 461 287 fratribus:
502 250 621 287 ecce
663 232 769 285 alte
808 249 1064 302 praeceps
1103 231 1299 282 humus
1341 247 1431 282 ore
1471 228 1755 298 profundo·

183 308 397 377 dissilit,
435 309 598 377 inque
638 307 812 360 vicem
852 306 1149 358 timuerunt
1189 304 1363 357 sidera
1401 307 1456 357 et
1494 303 1728 355 umbrae.

183 384 338 436 illum
377 382 567 454 ingens
606 381 789 435 haurit
829 398 1019 450 specus
1060 383 1114 433 et
1152 379 1380 432 transire
1420 378 1660 447 parantis

183 457 381 529 mergit
419 474 758 527 equos3‘non
797 474 945 508 arma
981 473 1161 521 manu,
1199 471 1311 506 non
1347 452 1500 505 frena
1538 451 1767 506 remisit:

183 534 324 587 sicut
363 536 492 600 erat,
530 534 706 584 rectos
747 530 918 583 defert
957 529 1014 581 in
1053 528 1277 582 Tartara
1315 545 1501 580 currus
1801 539 1888 579 820

183 608 523 677 respexitque
564 605 756 658 cadens
797 606 1005 659 caelum
1046 621 1401 672 campumque
1442 602 1582 655 coire

184 682 463 753 ingemuit,
503 681 672 733 donec
709 679 882 733 levior
921 679 1175 732 distantia
1212 695 1399 730 rursus

185 757 404 810 miscuit
443 774 569 809 arva
610 758 813 808 tremor
850 754 1133 822 lucemque
1174 751 1403 806 exclusit
1443 750 1673 804 Averno.

304 936 390 976 816
410 946 476 988 sq.
510 933 567 987 cf.
592 931 714 976 Serv.
739 931 853 974 Aen.
880 935 922 987 8,
940 935 1025 974 297
1060 929 1144 973 alii
1173 928 1420 986 pueriliter
1449 928 1613 972 volunt
1637 941 1666 972 a.
1691 927 1889 972 Cerbero

183 991 461 1049 Amphiarai
492 1005 599 1036 ossa
635 990 867 1046 consumi,
909 990 991 1046 qui
1028 989 1165 1033 hiatu
1203 991 1355 1033 terrae
1397 988 1654 1032 secundum
1685 987 1890 1031 Statium

185 1051 430 1096 descendit
462 1051 523 1095 ad
554 1050 742 1096 inferos
806 1051 864 1105 cf.
891 1050 1037 1094 etiam
1068 1050 1212 1095 Schol.
1240 1048 1319 1093 Ov.
1345 1048 1411 1092 Ib.
1439 1052 1525 1092 354
1557 1053 1599 1093 et
1629 1051 1715 1090 443

305 1220 391 1260 816
421 1217 531 1274 {ore
565 1216 629 1274 (h)
662 1221 694 1258 1.
817 1219 903 1259 818
935 1202 1128 1269 hau<irit
1151 1214 1207 1260 ν1
1296 1214 1517 1271 parantes
1542 1217 1575 1255 P
1668 1216 1752 1255 823
1779 1225 1891 1257 arva

185 1293 232 1347 (v
255 1292 307 1335 in
331 1293 442 1348 ras.)
466 1296 488 1333 f
577 1290 777 1335 exclusit
801 1305 868 1335 ωε
900 1289 1080 1334 excusit
1103 1295 1136 1332 P
1221 1287 1472 1332 STATIUS
1497 1275 1658 1331 THEB
1683 1275 1781 1330 LIB
1806 1285 1894 1331 VII

184 1350 463 1395 EXPLICIT
482 1376 491 1385 ·
514 1349 759 1410 {INCIPIT
790 1350 972 1394 LIBER
995 1349 1102 1393 VIII
1121 1375 1128 1383 ·
1162 1354 1195 1392 P
