2132 3152
233 122 313 167 LH
751 120 1030 165 EDITORIS
1062 119 1406 165 PRAEFATIO

234 281 302 312 w:
341 263 426 311 sed
464 256 597 311 PL1.
685 264 732 323 3,
766 263 871 310 458
917 262 1172 322 dirumque
1216 261 1362 325 Prag.
1403 264 1513 310 Mf:
1561 262 1766 322 diraque
1811 265 1924 310 Ρω.

236 339 284 400 3,
311 339 415 387 352
458 337 740 397 Armiyeros
778 336 923 400 Prag.
964 339 1076 384 Mf:
1119 351 1197 384 -as
1236 340 1348 384 Ρω.
1437 337 1483 398 3,
1519 337 1623 384 552
1665 338 1779 398 post
1820 337 1926 384 554

232 414 420 476 legitur
457 414 509 460 in
542 412 803 475 Pragensi,
843 411 1076 459 similiter
1122 410 1241 458 ordo
1288 410 1518 459 turbatus
1552 413 1627 459 est
1657 412 1711 458 in
1742 415 1809 472 L,
1841 410 1928 458 ubi

233 489 304 536 sic
336 503 386 535 se
410 502 580 536 versus
605 486 879 547 excipiunt:
915 486 1035 533 552.
1064 486 1184 533 554.
1213 485 1333 533 553.
1399 486 1446 547 3,
1473 486 1578 533 648
1612 485 1758 533 Illud
1780 485 1924 548 Prag.

233 556 320 610 131:
354 563 515 609 Illum
546 565 667 609 Pw:
700 561 801 608 Ille
832 563 977 619 Dfu.
1036 561 1083 622 3,
1111 560 1214 607 698
1247 561 1360 608 hine
1382 559 1528 624 Prag.
1553 553 1926 615 LMfQ²Nr2t

232 638 343 684 huie
373 641 487 684 Ρω.
568 637 615 697 3,
643 635 746 683 706
783 638 826 683 et
855 634 1042 683 letabile
1066 634 1209 698 Prag.
1243 639 1346 683 Lr:
1378 636 1434 682 in
1465 638 1508 682 et
1538 635 1758 682 laetabile
1788 639 1853 682 B:
1887 637 1930 682 et

231 711 509 760 inlaetabile
541 702 702 776 Pal)
768 712 817 770 4,
845 710 927 757 28.
956 711 1038 757 31.
1068 710 1137 757 30
1169 709 1262 757 hoc
1287 708 1459 757 ordine
1484 709 1628 772 Prag.
1662 724 1773 756 cum
1797 713 1926 757 MD.

234 788 281 847 4,
309 787 415 834 270
449 802 542 834 om.
574 785 723 847 Prag.
756 800 868 832 cum
891 777 1392 845 BLMchalvrl,
1428 786 1474 846 9,
1502 784 1568 831 53
1604 799 1712 831 cum
1746 777 1928 838 BLQ,1

231 854 522 921 leorul,
558 851 792 926 9,1872)
833 875 944 907 oum
983 852 1367 917 lequful.
1457 859 1504 919 9,
1532 858 1651 906 378.
1689 859 1791 906 377
1835 858 1928 906 hoo

233 936 404 984 ordine
444 935 640 982 exhibet
677 933 822 998 Prag.
864 933 995 981 unde
1035 935 1244 995 apparet
1284 933 1345 981 ab
1383 934 1530 981 initio
1569 934 1622 979 in
1655 933 1758 980 eius
1790 933 1926 979 fonte

232 1010 568 1060 desideratum
600 1024 703 1057 esse
727 1025 772 1057 v.
801 1009 904 1055 378
934 1024 1080 1070 quem
1112 1012 1274 1056 PDN
1306 1007 1550 1068 exhibent,
1583 1008 1822 1055 omittunt
1853 1022 1926 1054 ce-

230 1085 342 1145 teri,
373 1085 472 1133 nisi
504 1083 635 1146 quod
666 1084 718 1130 in
753 1087 830 1131 Sv
865 1098 894 1129 a
927 1084 1197 1130 correctore
1230 1082 1427 1130 additus
1460 1084 1546 1130 est.

342 1161 607 1221 postquam
647 1173 798 1205 unam
837 1157 1044 1220 stirpem
1084 1157 1144 1205 ab
1176 1156 1380 1218 reliquis
1418 1156 1666 1204 codicibus
1699 1171 1925 1220 segrega-

231 1235 408 1295 vimus,
438 1234 689 1296 pergimus
728 1233 782 1279 in
820 1231 1196 1295 cognationibus
1237 1231 1536 1294 detegendis.
1615 1232 1928 1279 consentiunt

233 1311 398 1356 autem
430 1307 715 1370 saepissime
747 1306 878 1354 inter
909 1322 959 1355 se
998 1305 1188 1354 codices
1221 1310 1267 1354 D
1302 1308 1351 1354 et
1381 1309 1447 1368 N,
1480 1321 1782 1368 quamquam
1813 1320 1925 1367 pro-

231 1383 354 1446 priis
392 1381 862 1444 interpolationibus
901 1383 1076 1429 neuter
1113 1381 1241 1429 liber
1280 1382 1428 1441 caret,
1469 1396 1568 1442 qua
1606 1380 1657 1427 in
1695 1396 1747 1427 re
1788 1380 1847 1427 de
1878 1384 1926 1427 D

232 1458 291 1505 cf.
318 1474 356 1505 e.
376 1475 419 1521 g.
447 1459 495 1519 4,
524 1458 643 1505 540.
673 1457 720 1517 5,
746 1457 868 1504 470.
897 1456 1083 1517 6,184.
1113 1457 1159 1517 9,
1179 1456 1301 1516 334,
1334 1454 1392 1502 de
1416 1459 1469 1503 N
1494 1471 1604 1503 eum
1631 1454 1754 1502 alios
1778 1455 1926 1517 locos,

229 1534 338 1580 tum
379 1534 427 1593 4,
456 1532 574 1580 730.
611 1531 658 1592 5,
687 1532 806 1579 216.
842 1530 889 1591 5,
918 1531 1037 1578 217.
1074 1530 1120 1592 5,
1155 1531 1277 1578 463.
1341 1529 1399 1577 de
1440 1530 1732 1592 cognatione
1771 1528 1927 1592 igitur

1164 1602 1177 1631 t

231 1651 292 1699 cf.
328 1653 375 1713 2,
403 1652 506 1699 209
548 1651 665 1699 haee
694 1654 815 1698 Pw:
857 1653 900 1698 et
936 1653 1067 1697 DN:
1099 1650 1215 1697 haee
1248 1653 1297 1698 S.
1378 1650 1425 1710 2,
1460 1649 1563 1696 256
1607 1662 1765 1696 arcem
1804 1651 1924 1695 Pw:

231 1725 401 1774 aulam
432 1719 576 1773 D1N.
669 1727 715 1786 2,
743 1726 846 1773 296
892 1724 1079 1784 lonyior
1110 1727 1231 1771 Pw:
1276 1725 1461 1785 laryior
1504 1716 1647 1771 DN1.
1734 1723 1779 1784 2,
1818 1722 1922 1769 418

227 1815 398 1861 yerens
444 1804 565 1847 Pw:
610 1802 741 1860 yeris
787 1803 908 1847 DN.
1006 1800 1052 1859 2,
1086 1799 1191 1845 423
1240 1801 1413 1846 mentis
1451 1802 1572 1845 Pw:
1608 1797 1762 1858 yemis
1802 1800 1923 1844 DN.

231 1876 281 1935 4,
309 1876 412 1923 702
446 1875 685 1933 tenerique
715 1875 769 1921 in
793 1875 976 1933 oriyine
1000 1873 1145 1920 culmi
1169 1873 1419 1920 Inclinata
1442 1886 1571 1932 seyes
1602 1870 1784 1918 habent
1816 1874 1926 1918 DN

231 1951 281 1997 et
327 1949 379 1997 in
411 1949 633 2012 margine
674 1941 801 2014 S¹.3)
882 1948 928 2008 5,
966 1947 1068 1995 158
1119 1947 1338 1995 admovet
1374 1951 1496 1994 Pw:
1541 1945 1765 1994 admonet
1802 1949 1922 1995 DN.

234 2039 282 2099 6,
315 2040 419 2086 287
462 2041 505 2086 et
539 2039 593 2085 in
624 2053 766 2086 amne
804 2029 873 2104 (et
907 2027 1092 2085 mamae
1130 2029 1222 2103 Ll)
1262 2040 1385 2084 Pw:
1432 2039 1475 2084 et
1511 2027 1739 2102 hamne4)
1780 2038 1842 2082 0:
1884 2037 1925 2080 ei

352 2182 394 2237 1)
428 2179 485 2225 cf.
519 2193 659 2236 supra
689 2194 734 2235 p.
751 2178 908 2222 XLVI.

350 2243 394 2296 2)
425 2240 475 2283 in
506 2239 641 2296 Prag.
674 2240 835 2295 postea
867 2239 937 2281 est
969 2237 1172 2281 additus.

350 2301 395 2358 3)
428 2313 549 2355 quae
580 2299 735 2342 aliena
767 2311 867 2342 esse
892 2298 1052 2342 censui
1074 2298 1323 2353 propterea
1348 2295 1473 2351 quod
1498 2308 1552 2339 ea
1575 2295 1718 2339 verba
1749 2294 1840 2337 nisi
1866 2294 1922 2337 de

230 2372 336 2403 vere
375 2359 528 2415 accipi
566 2373 660 2402 non
698 2371 834 2414 posse
872 2356 1111 2414 putabam.
1188 2358 1347 2399 tamen
1388 2355 1589 2398 concedo
1628 2367 1721 2397 non
1758 2353 1921 2409 utique

230 2420 421 2475 propter
453 2418 736 2462 adiectivum
768 2422 891 2461 tener
921 2417 971 2459 id
1003 2418 1186 2472 tempus
1219 2415 1330 2458 anni
1360 2413 1545 2470 respici.
1601 2413 1732 2470 origo
1767 2414 1923 2456 autem

232 2477 374 2521 culmi
404 2480 518 2522 tunc
548 2492 642 2521 non
674 2476 735 2520 ad
765 2478 951 2533 tempus
985 2477 1180 2531 spectat,
1214 2475 1295 2518 sed
1326 2473 1534 2517 infimam
1567 2472 1708 2517 culmi
1740 2474 1922 2529 partem

232 2537 480 2594 significat.
537 2549 822 2592 quamquam
856 2550 958 2579 cum
993 2535 1074 2579 ille
1104 2549 1263 2578 versus
1295 2547 1380 2577 nec
1411 2534 1461 2576 in
1491 2538 1523 2575 P
1553 2546 1639 2577 nec
1669 2532 1719 2575 in
1750 2547 1796 2575 ω
1827 2534 1919 2575 tra-

232 2596 358 2640 ditus
398 2596 693 2653 suspectione
732 2609 824 2639 non
863 2596 1035 2650 careat,
1074 2594 1166 2638 nisi
1198 2593 1271 2636 bis
1310 2593 1477 2637 eodem
1506 2591 1644 2635 modo
1676 2592 1922 2648 peccatum

233 2670 332 2700 esse
373 2656 615 2710 statueris,
654 2655 723 2698 ita
761 2656 815 2697 ut
847 2656 893 2698 et
923 2654 973 2697 in
1014 2653 1173 2697 codice
1205 2667 1250 2696 ω
1284 2654 1331 2695 et
1361 2652 1410 2695 in
1443 2650 1714 2708 apographo
1747 2650 1921 2694 codicis

230 2714 402 2758 Iuliani
439 2716 632 2772 propter
671 2713 871 2758 similem
912 2713 1087 2758 exitum
1126 2726 1291 2756 vocum
1330 2713 1493 2756 macies
1531 2712 1579 2754 et
1617 2724 1735 2767 seges
1764 2708 1922 2753 media

232 2774 450 2819 librarius
481 2773 784 2827 transiluerit,
817 2787 901 2829 pro
932 2772 1137 2828 genuino
1169 2771 1333 2815 haberi
1364 2770 1541 2825 nequit.

352 2835 396 2890 4)
430 2833 657 2891 originem
698 2833 862 2877 erroris
902 2831 1171 2888 intelleges,
1204 2830 1286 2874 ubi
1325 2829 1533 2886 singulos
1566 2827 1749 2872 codices
1781 2842 1826 2871 ω
1861 2827 1919 2870 ab

232 2892 429 2937 insulari
461 2892 692 2949 scriptura
715 2891 921 2948 pendere
946 2890 1230 2948 cognoveris.
1277 2889 1326 2932 id
1352 2889 1478 2944 quod.
1501 2887 1624 2931 infra
1657 2886 1920 2931 accuratius

232 2951 548 3010 probabimus.
597 2953 758 2996 contra
789 2951 839 2994 in
862 2955 946 2994 DN
976 2949 1338 3007 interpolatione
1367 2962 1526 2992 versus
1557 2946 1803 2991 restitutus
1835 2946 1918 2989 est.
