2040 3164
221 142 330 195 340
816 141 867 185 P.
898 141 1103 185 PAPINI
1134 140 1308 184 STATI

221 280 326 331 huc
367 278 539 331 undae
580 280 786 346 coeunt⁷
827 279 879 329 et
918 276 1260 329 ineluctabile
1300 295 1460 330 caeno

222 353 622 420 verticibusque
662 352 803 404 cavis
844 350 970 403 sidit
1010 352 1303 419 crescitque
1342 351 1667 404 barathrum.

220 431 434 495 iamque
473 444 699 494 umeroe,
740 426 845 477 iam
886 427 1023 478 colla
1063 425 1209 477 ducis
1251 426 1465 477 sinuosa
1504 444 1704 496 vorago

222 501 491 554 circumit:
531 500 622 553 hic
660 500 872 552 demum
911 502 1084 552 victus
1126 518 1372 568 suprema
1409 499 1566 552 fateri
1829 514 1914 554 505

223 577 508 628 exclamat:
535 574 788 626 ‘fluvione
806 605 877 611 —
895 575 1081 642 pudet!
1109 605 1193 643 —,
1217 574 1360 625 Mars
1387 574 1600 643 inclyte,
1622 592 1828 645 merges

221 650 360 702 hanc
400 649 647 717 animam,
687 665 982 718 segnesque
1020 650 1166 701 lacus
1208 650 1260 700 et
1301 651 1492 718 stagna
1531 647 1728 700 subibo

225 742 320 776 ceu
360 724 568 792 pecoris
608 725 803 791 custoe,
843 723 1011 775 subiti
1049 722 1301 774 torrentis
1340 721 1540 790 iniquis

224 798 555 866 interceptus
595 795 784 865 aquis?
838 797 1038 850 adeone
1080 796 1391 849 occumbere
1430 797 1568 849 ferro

223 890 332 924 non
366 871 589 923 merui‘P'
647 871 862 923 tandem
894 871 1139 940 precibus
1174 873 1440 923 commota
1470 870 1767 923 Tonantem
1830 885 1915 924 510

225 946 361 999 Iuno
403 946 570 998 subit:
613 946 867 1013 ‘quonam
907 946 1144 1014 miserOS‚
1185 947 1331 996 sator
1368 945 1567 1013 inclyte
1608 945 1803 1011 divum,

225 1019 520 1089 Inachidae,
555 1038 786 1088 quonam
819 1038 986 1088 usque
1018 1019 1263 1088 premes‘?
1298 1018 1404 1071 iam
1435 1018 1612 1072 Pallas
1645 1023 1697 1072 et
1730 1019 1843 1072 odit

225 1094 421 1164 Tydea,
461 1095 568 1146 iam
607 1097 762 1162 rapto
803 1096 1085 1146 tacuerunt
1124 1111 1324 1164 augure
1363 1093 1583 1162 Delphi:

226 1187 293 1221 en
334 1186 481 1220 meus
521 1167 914 1237 Hippomedon,
954 1163 1254 1238 cuigentis
1296 1167 1447 1238 origo
1487 1167 1742 1236 Mycenae

226 1242 574 1314 Argolicique
614 1244 752 1294 lares
791 1260 1095 1311 numenque
1135 1245 1258 1294 ante
1298 1242 1478 1294 omnia
1515 1240 1650 1295 Iuno
1685 1274 1752 1279 -—
1832 1257 1916 1296 515

226 1318 303 1370 sic
343 1335 442 1387 ego
482 1317 589 1368 fida
627 1316 795 1369 meis?
834 1347 922 1386 —,
960 1317 1138 1386 pelagi
1178 1315 1480 1368 crudelibus
1520 1315 1621 1367 ibit

227 1392 424 1461 praeda
462 1390 628 1444 feris?
683 1394 823 1443 certe
863 1392 1100 1444 tumulos
1141 1408 1492 1459 supremaque
1530 1390 1688 1443 victis

228 1467 371 1518 iusta
411 1465 596 1534 dabas;
635 1465 728 1516 ubi
769 1462 1052 1532 Cecropiae
1092 1467 1215 1533 post
1253 1466 1456 1534 proelia
1495 1465 1755 1533 fiammae,

229 1539 464 1592 Theseos
504 1539 644 1610 ignis
685 1538 778 1592 ubi
818 1539 960 1591 estP'
1017 1557 1125 1591 non
1165 1539 1366 1606 spernit
1406 1539 1647 1609 coniugis
1687 1557 1881 1609 aequas

231 1615 321 1667 ille
360 1631 560 1682 preces7
597 1614 893 1682 leviterque
933 1615 1114 1666 oculos
1156 1612 1222 1665 ad
1260 1613 1471 1666 moenia
1512 1611 1695 1665 Cadmi
1833 1627 1918 1667 520

228 1689 454 1756 rettulit,
495 1691 546 1739 et
586 1688 699 1739 viso
741 1688 990 1740 sederunt
1028 1687 1250 1739 fiumina
1288 1690 1436 1740 nutu.

229 1763 374 1815 illius
414 1779 680 1832 exangues
721 1762 889 1814 umeri
929 1764 982 1813 et
1021 1761 1260 1830 perfossa
1299 1764 1579 1830 patescunt

230 1840 468 1906 pectora:
510 1854 605 1888 ceu
644 1836 818 1888 ventis
859 1838 965 1888 alte
1005 1853 1124 1888 cum
1165 1837 1302 1888 elata
1339 1836 1535 1888 resedit

231 1914 536 1980 tempestae,
576 1913 803 1980 surgunt
845 1910 1050 1978 scopuli
1091 1909 1436 1978 quaesitaque
1474 1909 1653 1962 nautis

230 1989 387 2053 terra,
427 1988 478 2036 et
518 1984 584 2036 ab
626 1985 835 2037 infestis
875 1983 1201 2036 descendunt
1241 2001 1471 2052 aequora
1511 1985 1665 2036 saxis.
1834 1998 1918 2037 525

233 2059 362 2128 quid
401 2060 543 2128 ripas
584 2058 822 2110 tenuisse
863 2058 1047 2110 iuvat?
1101 2058 1295 2127 premit
1334 2058 1569 2126 undique
1607 2058 1790 2111 nimbo

351 2209 435 2248 502
468 2176 736 2247 ileluctabile
764 2203 804 2246 1'1
896 2218 1037 2248 caeno
1062 2209 1114 2248 P:
1148 2217 1343 2248 caenum
1371 2219 1416 2248 ω
1538 2209 1623 2248 503
1654 2184 1919 2258 Ῡξτὺὶοίῦιιε

512 2289 537 2310 v
1778 2265 1882 2297 huno

232 2308 366 2356 1¹0¹
456 2307 584 2351 canis
608 2307 675 2349 ΠΙ
766 2307 879 2351 sidit
902 2312 955 2351 P:
990 2306 1112 2351 sedit
1135 2322 1180 2351 ω
1303 2311 1388 2351 504
1418 2307 1578 2365 ᾱιιξοίε
1603 2307 1653 2364 (1)
1677 2313 1699 2350 f
1785 2309 1861 2352 hic
1885 2314 1921 2352 D

323 2415 572 2479 supprema
603 2411 643 2453 1²
765 2415 850 2454 505
877 2368 979 2455 lhuiize
1006 2417 1041 2454 D
1133 2426 1312 2469 merges
1344 2413 1416 2468 (ex
1446 2424 1544 2454 ma·
1576 2410 1649 2467 Bl)
1690 2427 1755 2456 w:
1804 2425 1922 2455 mer·
1995 2414 2005 2470 J

235 2514 307 2571 gis
339 2519 371 2556 P
492 2518 739 2558 507—511
781 2529 864 2560 om.
905 2515 966 2571 fl,
1007 2515 1112 2560 add.
1146 2515 1186 2557 f²
1217 2529 1300 2572 my.
1432 2519 1516 2558 507
1560 2473 1713 2568 subit'o
1752 2520 1803 2558 1²0
1993 2555 1995 2559 ,

236 2578 319 2617 509
355 2587 518 2629 campo
549 2572 711 2617 lferro
742 2579 780 2616 fr
889 2578 972 2617 512
1006 2587 1187 2630 premes
1220 2588 1302 2618 om.
1336 2579 1357 2616 1’
1384 2575 1481 2618 sine
1513 2575 1594 2618 lac.
1710 2578 1794 2618 513
1827 2574 1922 2618 iam
1988 2578 1998 2634 j?

235 2643 371 2718 rapta
402 2667 472 2706 P0:
506 2664 692 2718 raptato
727 2667 754 2704 c
891 2666 974 2706 515
1007 2665 1164 2719 patres
1198 2667 1232 2711 Q
1368 2667 1451 2705 517
1486 2643 1716 2722 supi-{que
1752 2668 1812 2730 Pc-

238 2755 323 2794 518
365 2750 491 2793 iusta
529 2751 772 2795 Heinsius:
812 2751 958 2795 Busta
988 2756 1090 2806 Ρω,
1124 2754 1179 2806 cf.
1210 2754 1300 2796 397
1391 2732 1628 2808 cecropriae
1659 2751 1733 2794 P1:
1768 2732 1921 2806 cecro-
1993 2743 1995 2748 ’

237 2851 353 2894 peae
386 2839 442 2887 αι
544 2843 629 2882 519
662 2839 862 2883 Theseos
888 2855 954 2884 m:
989 2853 1089 2884 -eus
1113 2844 1193 2882 ΡΝ
1275 2823 1373 2883 *ubi
1405 2823 1542 2896 :ignis
1565 2844 1587 2882 f
1667 2812 1858 2897 coniugis
1882 2840 1923 2882 fl

328 2901 412 2941 520
444 2897 705 2952 leniterque
738 2903 765 2940 c
860 2902 943 2942 521
977 2898 1158 2942 Retulit
1188 2903 1220 2941 P
1321 2902 1404 2941 523
1439 2899 1562 2942 elata
1584 2903 1675 2947 Ρςε
1707 2899 1820 2942 flata
1851 2901 1923 2956 (ex
1987 2899 1990 2901 ’

239 2958 305 3000 -te
330 2957 400 3012 12¹)
426 2971 471 2999 ω
594 2962 678 3000 526
714 2956 835 3010 Quid
868 2958 900 3014 (i
932 2959 983 3002 in
1013 2959 1122 3015 ras.)
1155 2963 1192 3000 f‘
