2040 3164
527 161 923 207 CORRIGENDA
954 161 1033 206 ΕΤ
1064 161 1276 206 ADDEN
1279 161 1363 206 DA
1686 160 1794 213 583

263 312 312 354 p.
341 300 432 342 189
454 312 493 343 v.
521 302 547 342 5
581 297 638 342 ab
670 299 780 342 imo:
813 297 961 341 vittae
993 297 1127 341 etiam
1162 302 1201 340 S.

266 401 313 443 p.
340 390 431 430 199
455 400 493 430 v.
527 387 688 431 ultimo
722 387 830 444 leye:
864 367 1049 442 ²”aptare
1080 389 1120 429 b.

262 461 313 503 p.
338 450 428 490 214
452 460 491 490 v.
519 449 547 489 7
578 446 636 489 ab
668 447 779 490 imo:
812 444 1012 489 fulmina
1043 446 1179 490 etiam
1212 444 1311 487 82b.

261 521 312 563 p.
338 509 430 550 255
455 519 494 549 υ.
522 509 581 549 10
613 506 670 550 ab
702 505 813 549 imo:
848 504 887 548 si
920 505 1056 550 etiam
1087 508 1127 547 b.

264 579 312 621 p.
338 568 432 609 256
455 579 495 609 υ.
523 568 579 610 13
612 566 670 608 ab
700 565 791 609 imo
822 569 849 607 b
883 565 1084 620 transfer
1108 569 1215 621 post
1236 569 1285 607 D.

265 639 314 682 p.
337 627 433 668 280
457 639 496 669 v.
523 627 551 668 3
584 625 640 668 ab
672 625 762 669 imo
794 624 907 668 dele:
941 626 1166 680 paventes
1198 628 1242 668 P.

263 699 312 742 Ρ.
338 687 434 728 298
457 699 496 729 υ.
524 688 580 728 11
614 685 670 728 ab
703 685 793 728 imo
826 684 933 741 leye:
977 683 1290 738 Wakefieldus.

262 758 312 801 p.
339 747 429 788 303
453 758 492 788 v.
520 747 548 788 5
580 745 637 788 ab
669 745 760 788 imo
793 743 904 800 leyez
938 743 1230 799 hyperenora
1263 757 1330 787 w:
1363 743 1677 799 hyperentora
1701 746 1745 784 P.

262 818 313 860 p.
340 806 431 848 317
454 818 493 847 v.
520 806 579 847 15
612 804 668 847 ab
700 804 790 847 imo
822 805 933 860 leye:
965 802 1091 846 ultra
1122 801 1317 859 pulchra
1349 816 1374 846 o
1409 807 1449 846 S.

266 877 313 919 p.
340 866 433 908 328
457 877 495 907 v.
524 865 581 907 15
614 863 671 906 ab
702 865 792 907 imo
824 863 938 906 dele:
971 863 1059 920 foy.
1096 863 1243 907 Werd.

267 937 315 978 Ρ.
342 926 431 968 334
455 937 493 966 v.
519 922 681 967 ultimo
707 923 816 979 leye:
851 936 1065 966 maneres.

267 996 313 1038 Ρ.
340 985 432 1027 383
456 997 495 1026 υ.
522 985 550 1026 3
582 981 640 1025 ab
670 983 761 1026 imo
795 982 904 1038 leye:
937 981 1011 1025 vel
1042 995 1125 1036 pro
1159 983 1313 1036 atque.

262 1055 313 1097 Ρ.
340 1044 432 1086 399
455 1055 495 1085 v.
522 1044 551 1084 9
583 1041 640 1084 ab
672 1042 762 1084 imo
795 1041 911 1085 dele:
951 1040 1065 1096 quid
1097 1041 1305 1099 intelleyo
1339 1054 1433 1085 cur.

266 1114 313 1156 Ρ.
340 1104 430 1145 400
453 1115 492 1145 υ.
521 1104 575 1145 11
609 1101 668 1145 ab
700 1102 790 1144 imo
823 1100 938 1144 dele:
972 1104 1023 1144 N.

265 1174 313 1216 Ρ.
339 1164 430 1204 400
453 1174 493 1204 υ.
521 1163 549 1204 5
580 1161 638 1204 ab
670 1161 761 1203 imo
793 1160 905 1217 leqe:
943 1163 1165 1215 umba.

264 1233 314 1276 Ρ.
340 1223 427 1263 401
453 1234 494 1264 υ.
521 1222 549 1263 7
581 1219 638 1263 ab
670 1220 761 1264 imo
794 1220 903 1277 leye:
937 1233 993 1264 ea>
1024 1235 1121 1263 -um
1154 1219 1233 1263 12⁰.

265 1323 313 1365 Ρ.
340 1311 430 1352 433
454 1323 493 1352 υ.
521 1312 550 1352 6
583 1308 639 1352 ab
671 1309 761 1353 imo
794 1309 907 1367 leye:
941 1289 1030 1353 -los
1063 1308 1140 1353 12⁰.

212 1368 460 1424 Perperam
492 1373 524 1410 P
555 1373 733 1413 secutus
761 1383 891 1413 veras
922 1369 1131 1413 lectiones
1162 1384 1208 1413 ω
1239 1369 1416 1424 sprevi:
1451 1372 1492 1423 4,
1522 1372 1606 1412 128
1641 1381 1794 1424 super.

95 1431 136 1482 6,
162 1431 217 1470 20
249 1427 498 1471 lacessunt.
556 1432 596 1481 6,
622 1431 708 1471 462
740 1427 1054 1483 funalemque.
1104 1432 1144 1482 8,
1171 1432 1257 1472 566
1290 1429 1415 1471 tuno.
1473 1433 1514 1482 9,
1541 1431 1626 1471 305
1662 1426 1796 1484 Gyan

93 1501 210 1543 quas
246 1487 378 1532 velim
416 1487 607 1532 restitui.
678 1493 838 1532 contra
876 1489 1023 1532 tribus
1063 1489 1172 1533 locis
1203 1503 1232 1532 a
1265 1489 1469 1533 codicum
1507 1489 1692 1532 lectione
1729 1502 1797 1531 re-

93 1547 272 1591 cessisse
303 1561 370 1590 me
395 1547 625 1603 paenitet:

215 1611 254 1661 9,
282 1610 366 1650 640
400 1619 563 1663 gressu
594 1605 875 1662 saltumque,
907 1621 1018 1651 nam
1043 1621 1128 1663 per
1159 1608 1342 1652 aethera
1375 1607 1425 1650 di
1448 1608 1606 1651 volant
1629 1612 1798 1652 montes

93 1679 249 1725 yressu
281 1667 546 1711 ascendunt.

215 1730 285 1780 11,
312 1729 399 1768 274
437 1739 524 1782 quo
564 1726 657 1770 loco
695 1726 823 1770 haud
854 1727 946 1770 scio
985 1740 1048 1769 an
1078 1725 1219 1769 tellus
1258 1731 1372 1770 recte
1405 1729 1454 1769 Σ
1480 1726 1795 1782 explicaverit:

95 1798 215 1841 quae
246 1785 463 1841 negando
496 1785 652 1842 fruges
685 1784 935 1829 sterilitate
967 1785 1177 1829 homines
1211 1784 1370 1829 afficit.

218 1849 286 1900 12,
312 1848 366 1888 59
401 1846 543 1900 atque
575 1844 710 1889 exule
739 1844 934 1901 pellitur
955 1844 1123 1887 umbra
1146 1859 1323 1889 servare
1347 1846 1577 1890 debebam:
1609 1846 1799 1902 pellitur

0 1904 4 1911 '
95 1904 338 1962 Polynices
367 1906 531 1949 umbra
562 1918 734 1961 quoque
765 1905 817 1948 in
848 1905 1038 1949 emiliam
1069 1905 1222 1949 missa

213 1965 291 2008 sed
322 1964 442 2020 quod
477 1968 544 2017 10,
570 1968 656 2007 470
688 1964 874 2007 inlicita
913 1964 1150 2018 defendere
1187 1969 1377 2008 conatus
1415 1970 1479 2010 cst
1511 1964 1580 2008 Μ.
1615 1964 1797 2009 Scham-

96 2023 269 2081 beryer,
316 2024 370 2068 de
408 2025 464 2068 P.
497 2024 701 2080 Papinio
741 2023 889 2068 Statio
927 2025 1163 2068 verborum
1201 2029 1416 2069 novatore
1456 2027 1578 2068 1907
1613 2039 1659 2080 Ρ.
1689 2028 1797 2078 292,

95 2083 282 2127 minime
315 2083 469 2139 probo.
540 2097 817 2140 quamquam
855 2098 1000 2128 vocem
1041 2082 1200 2127 elicita
1239 2084 1425 2129 inanem
1464 2098 1554 2129 esse
1592 2085 1795 2128 concedo.

96 2143 271 2187 conieci
301 2142 490 2186 iniecta.

214 2202 406 2259 denique
436 2204 492 2247 P.
518 2203 581 2247 H.
615 2202 808 2246 Damste'
836 2217 874 2246 v.
908 2217 944 2246 c.
978 2216 1026 2247 eo
1066 2203 1393 2247 benevolentiae
1427 2217 1695 2260 proyressus
1737 2210 1801 2248 est

96 2266 150 2305 ut
181 2260 239 2305 de
273 2261 409 2306 verbo
441 2262 658 2305 mutandi
696 2276 784 2305 usu
824 2262 951 2318 apud
983 2261 1030 2304 P.
1066 2261 1315 2317 Papinium
1350 2261 1551 2306 Statium
1589 2263 1799 2330 disputa-

97 2321 375 2375 tiunculam,
415 2335 551 2378 quam
591 2322 710 2366 Albo
756 2322 1059 2378 yratulatorio
1100 2322 1155 2365 N
1152 2321 1371 2366 aberiano
1418 2323 1676 2367 inserturus
1722 2328 1798 2376 est,

97 2380 213 2424 mihi
241 2395 385 2424 manu
414 2382 633 2437 scriptam
663 2382 866 2426 mitteioeet
931 2394 1120 2437 quocum
1152 2382 1328 2438 qaudeo
1367 2396 1434 2425 me
1467 2383 1716 2426 consentire
1747 2383 1798 2425 in

97 2437 378 2507 defendendo
416 2441 546 2485 verbo
580 2445 627 2495 3,
654 2445 754 2484 595.
797 2445 836 2495 6,
864 2444 962 2484 544.
1006 2445 1045 2496 9,
1071 2444 1171 2484 850.
1214 2445 1254 2494 2,
1281 2444 1364 2483 599
1414 2443 1706 2498 (quamquam
1746 2442 1799 2486 de

98 2500 197 2543 eius
227 2500 598 2555 interpretatione
628 2501 802 2557 dubito)
843 2505 884 2553 2,
912 2504 1010 2543 672.
1081 2501 1158 2544 sed
1195 2514 1276 2543 nec
1302 2501 1454 2556 placet
1492 2501 1611 2557 quod
1646 2506 1685 2555 7,
1712 2506 1796 2545 206

12 2563 16 2569 ’
98 2558 171 2601 tot
201 2560 382 2602 mutare
415 2559 609 2614 anfflas,
642 2561 714 2603 tot
744 2559 939 2603 reddere
972 2573 1166 2615 corpora
1190 2559 1291 2602 Diti
1310 2561 1554 2616 proposuit
1575 2575 1655 2605 nec
1679 2562 1799 2617 quod

98 2620 141 2671 4,
167 2622 249 2660 421
285 2618 411 2661 haud
442 2618 575 2663 illam
606 2619 800 2663 brumae
832 2622 1028 2673 mutare,
1062 2618 1270 2663 Notusve
1302 2619 1375 2662 ius
1408 2619 1564 2663 habet.
