2040 3164
648 97 989 143 THEBAIDOS
1021 97 1131 141 LIB.
1158 97 1234 141 IX.
1316 150 1322 157 η
1687 95 1794 148 349

93 239 354 293 exoritur:
396 241 523 290 tunc
563 236 715 290 dulce
756 254 938 288 comae
977 234 1245 303 radiisque
1285 236 1574 286 trementes

94 315 249 367 dulce
287 312 462 365 nitent
501 312 647 364 visus
688 314 754 379 et,
799 327 931 379 quas
972 309 1118 362 dolet
1156 309 1271 378 ipse
1311 309 1525 375 morari,

96 388 334 441 nondum
374 389 610 438 mutatae
649 404 801 439 rosea
838 383 1092 455 lanugine
1131 385 1315 436 malae.

93 481 193 516 nec
231 463 435 515 formae
475 460 578 514 sibi
616 460 773 512 laude
812 461 988 528 placet
1026 460 1361 527 multumque
1402 460 1596 511 severis

99 540 310 606 asperat
351 555 443 589 ora
483 535 659 604 minis,
701 534 791 586 sed
833 533 1024 587 frontis
1066 536 1241 586 servat
1279 532 1539 585 honorem
1710 545 1794 585 705

97 613 177 665 ira
217 612 420 664 decens
484 610 574 662 dat
614 612 803 678 sponte
841 610 1021 661 locum
1061 607 1315 660 Thebana
1354 607 1620 675 iuventus,

94 691 346 739 natorum
385 702 664 753 memores,
704 684 1015 751 intentaque
1055 684 1161 735 tela
1200 685 1526 751 retorquent,

97 762 188 814 sed
227 760 420 829 premit
460 763 512 812 et
552 777 735 812 saevas
775 758 1154 810 miserantibus
1195 757 1394 828 ingerit
1434 756 1630 810 hastas.

95 837 248 889 illum
289 838 342 887 et
382 832 633 887 Sidoniae
672 835 800 903 iuga
838 850 935 901 per
974 832 1254 884 Teumesia
1293 831 1580 901 Nymphae

97 911 387 963 bellantem
429 911 589 977 atque
629 908 746 977 ipso
789 907 980 959 sudore
1021 910 1074 958 et
1112 908 1332 975 pulvere
1372 910 1587 976 gratum
1712 921 1796 960 710

98 985 336 1053 laudant,
377 987 428 1036 et
467 984 632 1036 tacito
675 983 875 1035 ducunt
916 982 1148 1050 suspiria
1186 984 1329 1034 voto.

206 1058 337 1111 talia
377 1058 614 1111 cernenti
652 1057 799 1110 mitis
841 1057 987 1109 subit
1027 1058 1135 1108 alta
1174 1055 1379 1109 Dianae

102 1133 259 1186 corda
300 1133 467 1202 dolor,
506 1133 743 1201 fletuque
782 1149 946 1201 genas
986 1132 1188 1183 violata
1228 1131 1410 1200 ‘quod'
1453 1131 1648 1201 inquit,

97 1209 259 1261 ‘nunc
297 1207 412 1276 tibi,
453 1207 597 1276 quod
635 1207 730 1259 leti
771 1225 1023 1275 quaeram
1064 1206 1161 1258 dea
1199 1206 1305 1257 fida
1343 1205 1634 1274 propinqui

102 1282 396 1353 effugium?
434 1282 633 1335 haecne
665 1283 809 1334 ultro
843 1282 1145 1349 properasti
1177 1280 1233 1332 in
1263 1282 1484 1349 proelia,
1517 1300 1670 1334 saeve
1713 1295 1798 1334 715

100 1376 161 1410 ac
200 1357 497 1409 miserande
536 1356 705 1425 puer?
761 1357 923 1408 cruda
961 1355 1066 1407 heu
1105 1355 1407 1424 festinaque
1446 1355 1618 1408 virtus

101 1432 270 1485 suasit
310 1434 363 1483 et
402 1431 669 1483 hortatrix
708 1431 936 1484 animosi
975 1431 1150 1501 gloria
1187 1431 1318 1483 leti?

100 1507 304 1560 scilicet
345 1509 633 1576 angustum
673 1505 983 1558 iamdudum
1023 1505 1379 1574 urguentibus
1420 1505 1573 1557 annis

101 1581 427 1634 Maenalium
467 1581 582 1648 tibi,
622 1598 799 1650 parve,
838 1598 1041 1648 nemUS,
1080 1598 1282 1649 perque
1323 1583 1475 1632 antra
1514 1580 1743 1633 ferarum

103 1656 194 1708 vix
233 1659 381 1708 tutae
422 1656 535 1708 sine
574 1658 742 1708 matre
782 1655 914 1723 viae,
955 1655 1221 1708 silvestria
1262 1654 1413 1707 cuius
1714 1669 1797 1708 720

101 1730 341 1783 nondum
381 1732 488 1782 tela
525 1748 724 1799 procax
766 1747 1054 1798 arcumque
1093 1731 1298 1798 inplere
1338 1730 1566 1782 valebas.

101 1808 154 1857 et
193 1824 334 1857 nunc
373 1805 466 1857 illa
505 1823 650 1857 meas
690 1806 965 1875 ingentem
1003 1804 1216 1873 plangit
1256 1804 1321 1856 ad
1362 1823 1479 1856 aras

103 1880 359 1932 invidiam
399 1879 691 1948 surdasque
730 1879 874 1931 fores
915 1882 967 1932 et
1005 1879 1194 1931 limina
1232 1881 1418 1931 lassat:

101 1958 162 2006 tu
203 1954 382 2007 dulces
421 1955 586 2006 lituos
626 1955 937 2022 ululataque
976 1953 1182 2023 proelia
1222 1955 1421 2025 gaudes

558 2119 652 2148 tunc

223 2164 304 2204 701
339 2162 440 2203 tum
471 2164 519 2204 b:
555 2161 665 2204 dum
697 2176 719 2202 r
810 2162 1062 2204 trementes
1096 2160 1387 2209 BlLMan²
1403 2176 1510 2218 mys
1550 2161 1799 2205 frementes

1521 2226 1688 2254 meantes

59 2254 62 2258 ’
101 2269 154 2308 P:
172 2265 381 2308 meantes
397 2263 454 2306 B¹
471 2279 555 2322 my.
575 2269 832 2319 ΒΝῦτμνε
865 2268 1074 2309 meantes
1092 2264 1118 2308 i:
1133 2265 1362 2309 micantes
1380 2265 1429 2308 b¹
1442 2267 1800 2315 :trementes-al

195 2359 277 2398 702
317 2335 504 2411 19εὲΡο
643 2357 726 2397 703
765 2357 975 2398 mutatae
1016 2368 1149 2398 rosea
1187 2359 1297 2399 Pw:
1347 2356 1417 2398 —ta
1463 2368 1622 2399 roseae
1657 2357 1801 2401 Kohl-

101 2429 303 2460 mamms
399 2413 625 2470 lunugine
660 2417 694 2462 Q,
832 2419 915 2458 704
957 2427 1140 2458 severus
1175 2419 1209 2462 Q,
1347 2418 1429 2458 707
1464 2415 1733 2472 intortaque
1767 2420 1801 2464 Q,

195 2478 278 2518 709
311 2473 425 2531 iuga
462 2486 547 2530 per
585 2473 812 2517 teumesia
843 2490 910 2518 w:
958 2474 1157 2518 teumesi
1189 2489 1212 2517 e
1253 2475 1426 2517 vertice
1459 2479 1491 2516 P
1528 2477 1599 2532 (εσυ
1632 2479 1676 2529 8,
1696 2479 1799 2532 344)

195 2567 279 2606 710
312 2565 498 2620 gratum
524 2577 590 2606 w:
624 2562 808 2620 graium
831 2568 864 2606 1²
987 2569 1070 2608 713
1098 2563 1212 2619 quid
1236 2579 1259 2605 r
1375 2567 1459 2606 715
1492 2546 1726 2622 Effugiissm
1744 2564 1801 2613 αι

63 2656 66 2659 ’
103 2633 253 2707 ὶιᾳξῃο
279 2651 335 2700 <2²
417 2652 467 2695 in
490 2657 588 2695 Pn:
623 2652 684 2695 ad
708 2667 754 2696 ω
839 2634 944 2698 εενδ
969 2654 1026 2696 131
1119 2657 1203 2696 716
1228 2653 1321 2696 heu
1345 2667 1429 2697 om.
1455 2657 1477 2694 f
1567 2658 1650 2696 717
1677 2656 1800 2698 orta-

103 2741 196 2785 trix
227 2746 259 2783 1.
383 2745 467 2785 718
501 2723 751 2799 aiigustum
781 2742 848 2785 Ml
971 2747 1054 2786 719
1087 2741 1391 2787 Menelalium
1422 2757 1454 2786 ν
1553 2756 1715 2787 nemus
1748 2758 1802 2788 ex

49 2814 51 2821 Α
105 2831 244 2875 nimis
278 2830 334 2879 (2¹
428 2835 511 2874 720
543 2811 704 2886 tantae
738 2830 793 2878 ΟΕ
887 2836 968 2875 721
1003 2831 1198 2888 implere
1230 2836 1282 2874 P:
1316 2830 1555 2889 inp{l{ere
1585 2832 1671 2888 (bis
1694 2834 1740 2889 u)
1767 2836 1802 2880 Q,

197 2939 280 2978 722
313 2901 424 2988 Itlunc
455 2935 496 2977 11
586 2935 669 2978 illa
700 2949 756 2979 ex
785 2934 893 2978 illee
925 2936 981 2978 Β1
1090 2940 1172 2979 723
1200 2935 1455 2990 surdasque
1481 2950 1535 2980 ex
1559 2951 1725 2991 -usque
1745 2936 1801 2984 ΩΙ
