2132 3152
630 100 915 146 EDITORIS
947 100 1289 146 PRAEFATIO
1688 100 1811 147 XLV

109 248 189 293 tur
219 247 275 293 P.
345 243 435 292 ubi
474 260 585 292 cum
631 243 685 291 in
729 258 827 291 usu
867 242 1112 292 adiectivo
1154 243 1288 292 vocis
1327 244 1483 292 hostes
1520 243 1809 306 haesissent,

106 319 299 369 hostiles
323 320 376 367 in
403 337 448 367 ω
481 318 806 367 substitutum
831 320 918 367 est.
967 319 1186 382 genuina
1219 321 1387 366 autem
1419 318 1567 367 lectio
1600 319 1651 366 in
1676 322 1817 367 BDf

108 396 388 443 correctura
418 395 651 442 revocata
683 395 769 441 est.

223 471 306 531 11,
325 471 427 518 391
456 470 623 517 Mater
645 471 692 517 io
707 470 884 530 patria
907 483 934 516 ο
955 483 1123 529 reyum
1142 470 1468 517 incertissima
1492 469 1645 517 tellus,
1679 469 1749 517 sic
1767 473 1811 517 P

106 544 202 592 nisi
236 545 367 607 quod
405 560 495 607 pro
527 546 701 603 patria
740 559 766 592 o
807 546 1065 591 exaratum
1105 546 1214 592 erat
1237 545 1450 605 patriae,
1489 559 1620 591 nunc
1652 559 1696 592 -e
1729 544 1808 591 de-

105 619 262 667 letum
295 621 379 667 est.
450 635 540 682 pro
580 618 923 667 interiectione
955 619 1001 667 io
1042 619 1358 667 usitatiorem
1390 633 1416 666 0
1449 618 1716 682 scripserat
1748 638 1809 667 ω.

105 695 268 742 versui
301 696 469 742 autem
503 693 697 742 librarii
720 697 853 742 Drb
886 695 1235 742 succurrerunt
1257 694 1424 756 potius
1450 709 1602 755 quam
1628 695 1809 754 sensui,

105 785 217 816 cum
250 769 541 817 scriberent:
573 770 742 818 Mater
774 771 902 818 enim
933 783 960 817 o
983 771 1158 829 patria
1191 784 1289 831 eqS.

220 846 303 906 11,
331 845 434 892 607
473 845 612 893 Vinci
633 846 679 892 io
703 846 950 901 miserum,
973 845 1128 892 vincis
1152 844 1367 905 Natura,
1383 848 1642 903 parentem
1667 837 1807 891 PN2.

766 924 818 946 me

103 980 192 1026 pro
224 966 271 1013 io
303 965 355 1012 in
388 983 434 1012 ω
468 966 606 1012 extat
635 980 710 1013 me
736 957 813 1031 (tu
837 958 931 1030 122).
996 964 1129 1026 quod
1162 980 1273 1012 cum
1304 965 1357 1011 in
1388 967 1488 1011 BI..
1519 978 1674 1024 supra
1699 978 1806 1011 ver-

104 1055 212 1087 sum
246 1039 472 1087 additum
504 1039 584 1100 sit,
615 1039 668 1086 in
701 1058 746 1087 ω
778 1041 825 1087 io
859 1039 1094 1087 omissum
1125 1037 1278 1087 fuisse
1311 1038 1649 1087 concluserim.

219 1117 302 1176 11,
330 1115 434 1163 609
471 1115 682 1163 Volnera
714 1118 756 1163 et
777 1117 832 1162 in
854 1115 1020 1162 molles
1044 1116 1261 1174 sequitur
1283 1129 1462 1162 manus
1493 1114 1635 1214 ἰκρία
1657 1113 1806 1174 plan—

1519 1192 1536 1214 e

103 1222 205 1267 etus
238 1219 458 1267 traditur
497 1235 609 1267 cum
647 1220 741 1267 hac
772 1219 1042 1268 varietate:
1086 1222 1129 1266 et
1157 1221 1211 1267 in
1244 1213 1488 1278 ΡΝμνῙε
1550 1220 1607 1266 in
1638 1220 1667 1265 f
1676 1212 1714 1265 ¹:
1754 1219 1808 1265 in

102 1298 323 1349 BLQr:
355 1297 444 1343 im·
476 1298 555 1342 M:
587 1297 690 1343 iam
722 1298 891 1343 DCb:
924 1296 1044 1355 quin
1074 1287 1143 1343 222.
1219 1293 1347 1341 unde
1379 1292 1700 1340 manifestum
1733 1295 1807 1340 est

103 1373 147 1416 et
177 1369 295 1418 olim
329 1369 578 1418 excidisse.

219 1447 301 1506 12,
328 1445 432 1492 362
473 1444 596 1493 Cum
628 1448 790 1493 tamen
829 1448 1007 1493 erectas
1048 1447 1285 1493 extremus
1317 1444 1525 1504 virginis
1564 1457 1710 1490 aures
1742 1446 1807 1490 P:

478 1519 601 1567 Cum
632 1523 795 1567 tamen
835 1523 1072 1568 eoetremus
1113 1522 1291 1568 erectas
1326 1520 1533 1579 viminis
1566 1532 1713 1565 aures
1745 1535 1807 1579 ω,

101 1593 189 1640 ubi
231 1598 271 1642 C
303 1594 515 1642 lectione
549 1597 770 1643 extremis
802 1595 970 1643 versui
1002 1594 1267 1643 consuluit.

214 1668 343 1717 falsa
382 1669 645 1717 verborum
686 1669 1003 1718 distinctione
1043 1671 1303 1731 peccatum
1344 1670 1420 1716 est
1457 1669 1510 1715 in
1544 1686 1606 1729 ω,
1646 1667 1717 1715 ita
1750 1670 1807 1714 ut

101 1758 270 1791 sensus
304 1743 504 1792 omnino
535 1760 636 1793 non
667 1745 850 1793 evadat
883 1746 930 1805 8,
957 1745 1025 1792 48
1059 1743 1265 1793 Arcada
1294 1759 1382 1791 nec
1412 1746 1534 1791 PD:
1565 1742 1807 1791 Arcadem

102 1821 144 1865 et
175 1836 243 1866 w:
278 1817 520 1867 Accedam
562 1823 605 1868 et
645 1812 810 1886 (inani
842 1813 1149 1886 coniectura)
1190 1823 1301 1867 LO.
1365 1819 1642 1881 glossarum
1673 1819 1726 1864 in
1759 1836 1805 1865 ω

100 1896 413 1955 receptarum
438 1894 891 1944 luculentissimum
917 1894 1196 1956 exemplum
1222 1895 1317 1942 est:
1344 1895 1393 1954 4,
1413 1894 1479 1940 66
1516 1893 1630 1941 Mos
1653 1907 1806 1951 neque

99 1971 304 2029 sanquis
330 1995 398 2001 —
424 1970 566 2017 habet
595 1963 715 2034 P¹):
748 1971 864 2018 Mos
887 1985 1040 2030 neque
1062 1971 1267 2031 samguis
1290 1971 1413 2016 mest
1446 1987 1506 2031 ω,
1542 1967 1600 2015 cf.
1627 1967 1805 2015 similis

101 2058 236 2091 error
273 2045 327 2091 in
359 2048 406 2092 D
461 2045 508 2106 4,
545 2045 652 2092 540
693 2045 864 2093 melior
906 2059 1015 2093 eum
1055 2046 1262 2106 sanquis
1305 2045 1483 2092 inesset
1529 2036 1642 2109 (pro
1686 2057 1805 2091 voce

99 2115 330 2185 opertas).
382 2122 427 2181 1,
453 2119 522 2166 48
555 2120 645 2167 sub
675 2123 809 2168 noete
839 2121 892 2167 in
917 2138 963 2168 ω
995 2119 1195 2183 legitur,
1225 2119 1316 2167 sub
1340 2121 1490 2167 morte
1521 2117 1573 2164 in
1597 2121 1642 2165 P
1673 2117 1804 2179 quod

100 2195 242 2241 unice
274 2193 501 2258 intellegi
531 2196 710 2256 potest.
758 2195 887 2242 illud
921 2194 1074 2242 oculis
1099 2193 1402 2258 vagantibus
1437 2210 1461 2240 e
1486 2208 1634 2242 versu
1666 2195 1803 2240 ante·

100 2267 301 2316 cedente
331 2268 616 2330 repetitum.

213 2358 340 2404 quae
374 2344 543 2391 autem
574 2345 706 2392 inter
745 2343 868 2391 duas
901 2344 1080 2406 stirpes
1116 2347 1161 2391 P
1193 2347 1243 2392 et
1274 2362 1320 2392 ω
1352 2342 1630 2390 intercedat
1660 2341 1804 2404 ratio,

99 2419 274 2479 postea
306 2417 596 2467 videbimus.
668 2434 799 2466 nunc
833 2419 891 2466 de
924 2419 1162 2482 vulgatae
1195 2418 1401 2466 familiis
1433 2433 1594 2480 pauca
1625 2416 1803 2465 delibo.

99 2508 214 2539 nam
247 2492 298 2539 in
331 2495 623 2555 quaestione
657 2493 922 2542 admodum
954 2493 1191 2542 intricata
1218 2492 1456 2541 brevitati
1486 2492 1803 2554 potissimum

99 2566 405 2628 studuimus,
444 2584 505 2615 ne
546 2568 875 2631 amplitudine
916 2568 1191 2631 disputatio
1235 2568 1375 2615 fieret
1415 2567 1635 2615 obscura.
1714 2582 1803 2615 nec

100 2640 230 2688 enim
262 2658 500 2704 umquam
530 2643 649 2691 licet
679 2642 884 2692 familiis
925 2643 1176 2691 subtiliter
1207 2642 1450 2705 separatis
1483 2643 1692 2689 stemma
1725 2657 1801 2688 co-

99 2715 263 2763 dicum
297 2717 505 2778 simplex
537 2734 828 2780 proponere,
861 2717 947 2765 ubi
970 2735 1058 2780 per
1081 2718 1287 2782 longum
1318 2716 1557 2779 temporis
1583 2716 1803 2779 spatium

101 2790 294 2839 vicinae
325 2792 527 2840 fuerunt
558 2793 795 2841 familiae.
834 2792 1004 2856 itaque
1031 2808 1144 2840 cum
1175 2792 1394 2840 familias
1420 2791 1663 2853 quasdam
1690 2806 1801 2852 con-

222 2950 262 3004 1)
294 2949 459 2993 habent
492 2952 619 2994 certa
650 2949 976 2994 emendatione
1009 2949 1219 2994 restituit
1251 2949 1362 2995 Otto
1386 2948 1569 2993 Mflller.
