2066 3178
284 57 392 103 XVI
799 57 1082 103 EDITORIS
1115 58 1458 104 PRAEFATIO

395 198 470 247 bis
504 199 770 260 ampliores
802 201 856 246 in
888 199 1054 247 codice
1078 203 1116 247 b
1150 202 1321 248 extant
1351 201 1560 248 lacunae
1591 216 1682 248 nec
1715 216 1745 249 a
1775 201 1981 250 librario

284 273 591 336 significatae
615 289 704 320 nec
729 289 759 320 a
784 277 1071 330 correctore,
1104 274 1233 321 unde
1266 290 1348 322 eas
1379 276 1432 321 in
1457 275 1726 337 exemplari
1759 276 1982 325 extitisse

283 348 602 396 manifestum
645 349 732 396 est.
796 347 1141 396 desiderantur
1180 350 1311 396 enim
1351 349 1503 396 Theb.
1531 350 1578 410 8,
1606 349 1896 398 556—687
1933 354 1983 398 et
2064 399 2065 402 ,

287 422 334 482 9,
360 422 668 470 464—559.
718 424 868 484 atque
901 423 992 471 hoc
1023 423 1131 471 loco
1167 438 1277 470 cum
1313 424 1379 471 96
1414 438 1584 471 versus
1617 423 1863 485 deficiant,
1896 441 1980 486 ap—

283 497 427 557 paret
459 499 546 543 aut
578 495 674 543 duo
706 496 830 544 folia
854 513 1082 545 versuum
1110 498 1178 543 24
1213 499 1301 544 aut
1331 513 1487 545 unum
1512 513 1743 545 versuum
1769 499 1838 545 48
1871 515 1980 560 per-

282 570 410 618 iisse.
475 571 560 618 sed
599 570 726 618 alter
764 571 916 631 locus,
955 571 1039 618 ubi
1084 572 1187 619 132
1230 587 1399 619 versus
1439 572 1632 632 desunt,
1673 572 1737 619 ad
1776 573 1981 620 eandem

282 645 526 692 rationem
560 645 719 708 redigi
751 661 850 693 non
881 648 1059 707 potest.
1108 661 1225 693 nam
1258 646 1355 694 duo
1386 646 1511 694 folia
1542 662 1773 694 versuum
1800 647 1867 694 33
1903 663 1982 695 ex—

283 718 520 766 ciderunt.
561 719 729 780 itaque
756 720 964 768 alteram
988 721 1220 767 lacunam
1246 721 1397 768 altius
1423 719 1682 768 ascendere
1707 722 1981 770 necessario

283 794 562 841 statuimus.
635 793 721 841 sed
762 795 991 856 quamvis
1032 794 1132 842 alio
1175 795 1284 843 loco
1324 795 1558 843 lacunam
1601 796 1704 842 132
1747 811 1981 844 versuum

283 868 434 915 etiam
458 869 509 914 in
537 867 786 916 codicibus
812 873 923 924 QK
945 870 1293 930 invenerimus,
1317 871 1486 917 tamen
1513 869 1709 917 cautius
1737 871 1832 916 erit
1856 870 1982 917 nihil

280 958 371 1003 pro
404 944 536 989 certo
570 941 847 1004 adfirmare,
877 945 1171 1005 praesertim
1196 959 1306 991 cum
1330 947 1367 992 b
1401 945 1559 992 artius
1593 959 1741 1005 quam
1775 944 1837 991 ad
1872 947 1982 998 QK

282 1031 333 1063 se
365 1015 429 1063 ad
454 1015 645 1065 codices
669 1022 713 1065 B
739 1019 789 1065 et
813 1033 842 1064 r
866 1018 1102 1081 applicet,
1125 1018 1177 1064 id
1203 1018 1335 1080 quod
1358 1018 1491 1065 infra
1516 1018 1979 1066 demonstrabimus.

282 1105 338 1137 ac
370 1106 430 1138 ne
461 1091 554 1139 hoc
587 1091 787 1153 quidem
829 1091 960 1154 quod
991 1094 1045 1140 in
1075 1096 1113 1140 b
1146 1094 1276 1140 sicut
1313 1094 1366 1139 in
1398 1096 1563 1147 PQK
1594 1092 1833 1141 Achilleis
1865 1095 1981 1155 post

282 1164 583 1212 Thebaidem
624 1165 878 1215 invenitur
908 1193 981 1199 —
1011 1182 1128 1214 nam
1168 1167 1459 1229 plerumque
1493 1166 1705 1215 Thebais
1738 1167 1846 1214 sola
1877 1169 1978 1214 tra-

281 1239 419 1286 ditur
450 1266 523 1271 —
554 1240 817 1302 quicquam
861 1241 1003 1289 nobis
1043 1241 1281 1289 utilitatis
1323 1241 1498 1288 adfert.
1569 1257 1682 1288 nam
1716 1257 1828 1288 cum
1858 1241 1910 1288 in
1942 1245 1979 1290 b

281 1314 460 1361 lacuna
491 1314 580 1361 illa
606 1316 877 1364 communis
902 1315 1126 1364 codicum
1154 1309 1369 1382 QKCl)
1395 1331 1493 1362 non
1527 1318 1686 1363 exstet
1719 1318 1834 1377 post
1857 1315 1979 1363 Ach.

284 1391 330 1450 1,
350 1389 471 1448 528,
505 1389 566 1436 ab
592 1389 669 1437 his
703 1389 952 1438 codicibus
984 1394 1021 1437 b
1055 1392 1328 1452 separatur.
1378 1389 1569 1437 accedit
1603 1389 1735 1451 quod
1767 1389 1897 1437 sicut
1927 1391 1980 1436 in

282 1467 345 1522 Q„
376 1462 450 1510 ita
482 1463 533 1510 in
556 1467 593 1512 b
626 1463 958 1512 Achilleidem
990 1481 1087 1512 non
1121 1481 1178 1512 ex
1203 1464 1374 1512 eodem
1406 1464 1676 1526 exemplari
1706 1464 1975 1525 transcrip-

280 1539 386 1584 tam
417 1552 521 1586 esse
554 1539 765 1600 conicio,
804 1538 934 1586 unde
968 1538 1181 1586 Thebais
1214 1541 1412 1600 sumpta
1445 1541 1533 1586 est.
1596 1538 1668 1585 nil
1701 1537 1810 1586 dico
1844 1538 1979 1600 quod

280 1612 331 1657 in
365 1611 616 1660 codicibus
654 1614 866 1660 maxime
907 1628 1016 1660 cum
1049 1617 1086 1661 b
1127 1614 1353 1676 cognatis
1384 1617 1428 1660 B
1462 1616 1511 1660 et
1541 1628 1571 1659 r
1608 1612 1848 1661 Achilleis
1881 1628 1979 1660 non

279 1684 485 1748 legitur:
518 1701 575 1733 ex
608 1687 716 1749 ipsa
742 1687 1008 1735 Thebaidis
1033 1685 1395 1749 subscriptione
1423 1680 1529 1751 (fol.
1558 1680 1670 1753 881)
1702 1688 1834 1734 recte
1867 1702 1978 1735 con-

279 1759 474 1808 cludere
513 1760 638 1809 mihi
676 1762 861 1822 videor,
903 1762 1053 1809 aliam
1094 1777 1199 1810 esse
1232 1760 1474 1824 originem
1514 1760 1795 1821 Thebaidis,
1829 1761 1979 1808 aliam

279 1834 585 1883 Achilleidis.
641 1852 730 1883 nec
763 1836 894 1884 enim
927 1836 1073 1883 aliter
1105 1835 1325 1898 expedio,
1357 1835 1489 1897 quod
1521 1834 1687 1882 ultimi
1713 1834 1978 1882 Thebaidis

277 1907 394 1955 libri
424 1908 721 1972 subscriptio
753 1909 1008 1958 PAPINII
1027 1935 1035 1944 ·
1057 1909 1338 1957 SVRSVLI
1356 1934 1366 1944 ·
1385 1907 1768 1956 THEBAIDOS
1788 1934 1797 1943 ·
1819 1906 1978 1956 DVO-

279 1976 599 2050 DECIM(us)
619 1977 622 2049 J
644 1983 999 2031 FELICITER
1018 2009 1026 2018 ·
1047 1982 1355 2032 EXPLICIT
1375 2009 1383 2018 ·
1404 1982 1600 2030 AMHN
1623 1982 1777 2030 variis
1804 1983 1976 2030 colori-

278 2057 368 2104 bus
402 2057 564 2106 deleta
597 2060 685 2118 est,
717 2058 791 2106 ita
823 2059 879 2105 ut
909 2059 1061 2106 rubro
1095 2059 1257 2106 colore
1292 2057 1554 2105 adderetur
1585 2056 1879 2104 Achilleidis
1911 2057 1973 2103 ti—

279 2132 436 2179 tulus:
460 2130 710 2180 INCIPIT
730 2158 739 2167 ·
756 2125 973 2199 LIB(er)
988 2157 997 2166 ·
1014 2131 1231 2179 STACII
1247 2158 1256 2166 ·
1274 2129 1737 2179 ACHILLEIDOS.
1763 2132 1884 2179 nota
1908 2133 1978 2179 et-

277 2206 380 2253 iam
426 2205 479 2253 in
525 2206 801 2254 Achilleide
858 2222 1036 2255 nomen
1077 2206 1411 2253 adulteratum
1451 2221 1549 2253 non
1588 2205 1689 2268 legi
1728 2221 1886 2266 neque
1926 2205 1977 2252 in

278 2280 447 2340 titulo,
472 2297 619 2342 quem
646 2266 882 2342 exscripsi
906 2296 1064 2342 neque
1089 2282 1142 2327 in
1167 2280 1540 2342 subscriptione,
1563 2279 1650 2326 ubi
1665 2278 1976 2326 EXPLICIT

278 2346 339 2401 b¹
379 2355 598 2417 scripsit,
630 2355 823 2403 Stacius
855 2353 1148 2403 Achilleidos
1189 2354 1384 2402 addidit
1421 2346 1495 2402 b2.
1560 2355 1732 2401 contra
1766 2354 1818 2400 in
1852 2353 1976 2401 The-

278 2427 422 2476 baide
454 2428 596 2477 libris
632 2432 677 2476 1.
706 2430 751 2478 2.
780 2430 825 2477 3.
855 2430 901 2476 5.
931 2430 975 2475 7.
1007 2431 1072 2476 12
1115 2444 1291 2476 nomen
1332 2427 1659 2477 subscribitur
1689 2426 1975 2475 PAPINII·

281 2501 502 2549 STATII
520 2527 529 2537 ·
550 2502 845 2564 SURSULI,
876 2505 989 2564 post
1016 2502 1168 2550 libros
1203 2504 1250 2550 4.
1279 2503 1325 2550 6.
1354 2505 1399 2550 9.
1430 2504 1511 2550 10.
1541 2503 1604 2548 11
1642 2501 1769 2548 nude
1793 2501 1977 2564 legitur

279 2575 588 2624 EXPLICIT
607 2576 837 2624 ·LIBER
856 2601 865 2611 ·
884 2576 989 2624 III·
1025 2569 1099 2642 (et
1123 2570 1271 2642 sim.),
1303 2577 1354 2623 in
1386 2592 1487 2623 una
1519 2575 1683 2623 octavi
1715 2574 1832 2622 libri
1865 2574 1975 2623 sub-

279 2650 546 2711 scriptione
577 2667 756 2713 nomen
782 2650 1003 2698 STATII
1034 2650 1194 2698 solum
1219 2654 1440 2712 apparet.

392 2724 603 2786 denique
644 2725 898 2773 occasione
938 2723 1108 2772 oblata
1146 2726 1277 2785 utor,
1316 2727 1373 2771 ut
1405 2738 1617 2771 errorem
1651 2737 1680 2769 a
1711 2738 1788 2769 me
1822 2738 1974 2784 quon-

402 2881 443 2936 1)
478 2878 534 2923 cf.
568 2878 794 2923 Achilleis
825 2895 868 2936 p.
895 2878 1023 2922 XXX
1045 2893 1111 2934 sq.
