2132 3152
665 85 946 131 EDITORIS
978 85 1322 131 PRAEFATIO
1679 86 1844 132 LXVII

143 230 207 276 Pc
219 247 276 275 ω.
340 228 417 277 his
449 228 606 292 igitur
628 228 751 276 locis
784 243 896 276 cum
920 229 985 276 1³0
1019 229 1296 276 consentiat
1318 230 1393 276 ita
1418 244 1527 277 cum
1555 250 1615 290 ω,
1649 232 1708 276 ut
1731 245 1843 277 con-

142 303 331 351 iectura
371 303 475 351 eius
515 303 662 351 lectio
702 306 899 365 reperta
943 317 1046 351 esse
1089 305 1327 364 nequeat,
1375 306 1439 351 1³⁶
1483 303 1652 365 aliquo
1696 303 1843 351 modo

144 377 206 425 ab
241 396 286 425 ω
318 377 532 440 pendere
572 378 900 441 cognoscitur.
967 377 1156 425 accedit
1198 377 1331 439 quod
1363 379 1428 425 1³⁰
1469 378 1657 426 scholia
1688 378 1846 440 novit,

144 468 269 514 quae
304 469 332 499 a
364 452 545 500 codicis
578 451 764 500 Iuliani
796 451 950 514 stirpe
983 451 1147 499 aliena
1180 456 1308 500 sunt.
1371 453 1467 500 hoc
1498 452 1615 500 licet
1650 453 1844 500 conclu-

143 526 257 575 dere
290 542 347 574 ex
375 529 422 587 6,
452 529 480 575 7
504 528 887 587 pulvereumque
909 528 1021 586 fera
1044 528 1227 575 crinem
1252 528 1447 575 detersit
1470 529 1613 588 oliva,
1637 527 1726 575 ubi
1748 530 1844 588 fer-

143 616 274 649 acem
307 617 457 664 supra
490 616 660 650 vocem
690 602 801 661 fera
834 601 1094 650 adnotavit
1125 603 1204 649 ΡΟ.
1260 601 1575 650 accusativus
1608 618 1695 650 cur
1726 603 1844 651 scri-

142 678 256 739 ptus
298 676 383 738 sit,
423 679 633 738 apparet
680 693 737 723 ex
771 684 820 724 Σ
845 690 1111 736 possumus
1155 680 1199 724 et
1243 678 1402 735 feram
1433 691 1528 737 pro
1575 678 1731 737 feraci
1768 679 1843 725 iu-

142 750 364 811 telleyere.

253 825 338 874 sed
368 821 506 873 haud
537 841 650 873 raro
684 825 836 874 etiam
867 827 1033 874 textus
1059 820 1121 874 Ρ]
1159 841 1270 873 011111
1295 846 1340 873 ω
1376 827 1621 889 congruit,
1654 827 1719 873 Ρο
1748 841 1845 874 ser-

141 902 281 948 vavit
305 900 573 964 genuinam
597 901 862 949 lectionem
889 903 977 948 aut
1001 893 1066 948 Pl
1092 916 1242 962 supra
1267 901 1480 962 scripsit,
1508 900 1638 962 quod
1671 901 1792 962 quin
1818 917 1844 949 0

141 1003 306 1053 codice
321 1005 509 1053 iuliani
528 1007 743 1067 petitum
765 1006 845 1066 sit,
866 1006 1042 1067 nequit
1061 1004 1295 1053 dubitari.
1324 1006 1382 1053 of.
1411 1008 1456 1066 1,
1474 1006 1540 1054 55
1559 980 1742 1066 Ρᾶῑῷατ
1755 999 1844 1053 1³1:

139 1078 313 1127 Pul-sat
337 1099 382 1127 ω
415 1095 512 1142 quo
544 1080 653 1128 loco
687 1096 991 1142 quamquam
1024 1080 1237 1128 editores
1270 1095 1438 1128 omnes
1462 1081 1637 1140 pulsat
1665 1080 1843 1142 proba-

139 1147 340 1215 verunt,
378 1157 548 1203 tamen
587 1155 680 1203 hoc
719 1154 925 1202 verbum
966 1155 1030 1202 ad
1069 1170 1239 1203 vocem
1278 1154 1435 1203 solum
1467 1182 1528 1187 —
1566 1171 1744 1217 nempe
1784 1154 1843 1203 de

141 1228 270 1276 oculi
303 1229 407 1277 solo
440 1230 783 1292 accipiendum
807 1257 881 1262 —
905 1230 1109 1278 minime
1141 1230 1369 1291 quadrat.
1423 1231 1576 1278 immo
1607 1231 1701 1278 hac
1724 1245 1844 1278 voce

140 1319 402 1365 perperam
446 1303 505 1352 de
546 1307 679 1352 terra
724 1308 928 1368 accepta
971 1305 1145 1365 pulsat
1197 1304 1394 1352 videtur
1437 1305 1679 1367 scriptum
1725 1320 1843 1365 esse,

1351 1377 1392 1406 be

140 1439 251 1471 cum
291 1424 471 1473 fortior
509 1424 646 1472 notio
688 1424 1066 1472 desideraretur.
1135 1428 1180 1485 1,
1209 1425 1315 1472 234
1355 1426 1611 1473 inmeritae
1650 1425 1736 1472 PG:
1768 1427 1844 1473 in-

138 1500 338 1546 meritae
364 1517 409 1546 ω
445 1515 541 1561 quo
575 1499 684 1548 loco
716 1499 838 1547 item
871 1499 1109 1548 dissentio
1144 1515 1173 1546 a
1205 1501 1382 1547 ceteris
1416 1498 1702 1560 editoribus,
1736 1499 1843 1561 qui-

137 1573 228 1620 bus
253 1573 400 1621 lectio
428 1592 473 1620 ω
498 1574 701 1635 placuit.
762 1577 807 1635 1,
836 1575 941 1622 264
966 1576 1164 1635 fumant
1185 1569 1273 1622 1²¹:
1305 1576 1468 1634 sumat
1491 1594 1550 1622 ω.
1606 1575 1687 1622 1110
1710 1576 1843 1622 recte

139 1647 320 1695 Miiller
350 1649 597 1710 pluralem
629 1650 832 1710 recepit,
866 1665 963 1711 quo
998 1649 1189 1697 Statius
1221 1649 1296 1697 uti
1329 1650 1456 1697 solet
1489 1649 1680 1696 duobus
1714 1647 1843 1696 noti-

140 1720 314 1771 onibus
355 1723 564 1771 subiecti
605 1723 938 1786 sequentibus,
1004 1725 1052 1784 4,
1088 1725 1192 1772 655
1235 1726 1397 1772 icaria
1437 1719 1696 1787 wleg.:
1735 1725 1841 1772 uvi-

137 1798 245 1855 fera
277 1792 356 1846 Pl.
441 1799 637 1858 uvifera
676 1814 982 1861 quamquam
1022 1799 1074 1846 in
1115 1798 1280 1847 codice
1320 1798 1506 1846 Iuliani
1546 1799 1697 1847 fuisse
1737 1797 1842 1846 veri

138 1871 298 1920 simile
332 1876 420 1933 est,
454 1876 622 1921 tamen
654 1873 751 1921 nisi
777 1874 888 1936 quis
922 1889 1069 1922 caeca
1094 1874 1138 1920 ei
1164 1890 1215 1922 se
1241 1874 1574 1922 admiratione
1608 1873 1843 1936 adplicat,

137 1946 264 1994 hanc
296 1947 561 1996 lectionem
593 1947 804 2010 probare
845 1949 1030 2011 nequit.
1099 1950 1146 2009 5,
1174 1949 1281 1997 230
1321 1950 1497 2010 iuqerit
1534 1943 1599 1997 Pl
1617 1965 1736 2011 mg.:
1769 1949 1842 1995 iu-

137 2053 252 2099 serit
282 2046 417 2100 P¹w.
501 2055 584 2113 12,
611 2055 716 2102 378
750 2027 887 2114 requi
918 2047 1007 2101 P¹z
1038 2055 1167 2115 reyis
1199 2072 1258 2101 ω.
1339 2069 1436 2115 quo
1468 2054 1576 2102 loco
1611 2069 1722 2101 cum
1755 2053 1841 2100 eli-

137 2126 351 2189 gendum
384 2128 451 2176 sit
491 2127 650 2176 altera
683 2143 740 2176 ex
772 2127 1067 2176 lectionibus
1100 2130 1235 2188 reyia
1275 2130 1325 2176 et
1355 2129 1482 2188 reyis
1513 2155 1587 2161 ——-
1619 2143 1735 2176 nam
1769 2144 1842 2176 er-

135 2202 261 2249 roris
286 2201 502 2264 suspicio
529 2202 669 2250 abest
686 2229 772 2264 ——,
791 2218 882 2266 ego
907 2205 1043 2264 remla
1068 2218 1180 2251 cum
1205 2202 1318 2250 aliis
1344 2202 1403 2251 de
1421 2203 1582 2251 causis
1606 2203 1841 2265 praetuli,

135 2277 243 2323 tum
283 2277 415 2338 quod
457 2276 659 2326 elisione
700 2279 754 2324 in
792 2277 889 2326 fine
921 2292 1091 2327 versus
1131 2278 1267 2326 facta
1301 2276 1492 2326 Statius
1526 2278 1841 2326 enuntiatum

136 2351 420 2398 continuari
451 2354 540 2399 aut
571 2351 868 2414 interrumpi
907 2353 1127 2401 indicare
1161 2353 1299 2400 solet.
1363 2352 1415 2400 id
1448 2352 1578 2415 quod
1610 2353 1702 2400 hoc
1733 2352 1840 2400 loco

137 2425 453 2487 aptissimum
485 2429 573 2474 est.
620 2427 1006 2490 interrumpitur
1029 2429 1161 2476 enim
1193 2442 1353 2475 sermo
1379 2426 1565 2492 Argiae
1598 2427 1839 2476 exclama-

136 2500 272 2547 tione
307 2501 349 2548 ez'
379 2502 526 2548 mihi!
564 2517 683 2549 uum
715 2503 825 2561 quis
857 2503 1025 2550 adest?
1106 2502 1314 2563 12,588
1357 2505 1484 2550 vetat
1522 2496 1666 2550 le:
1700 2504 1843 2562 fuyat

136 2568 199 2620 Ρ1
218 2590 314 2638 mg.
375 2577 458 2636 12,
479 2577 582 2624 709
617 2577 801 2625 interea
834 2580 1001 2626 contra
1024 2581 1089 2625 P:
1122 2580 1174 2624 at
1204 2579 1371 2625 contra
1396 2595 1456 2624 ω.
1513 2592 1613 2638 quo
1647 2576 1706 2624 (10
1731 2576 1839 2624 1000

135 2647 439 2697 Kohlmanni
465 2651 763 2698 sententiam
790 2666 982 2714 sequor,
1015 2652 1102 2714 qui
1128 2653 1309 2699 interea
1340 2652 1392 2698 in
1418 2653 1612 2699 textum
1637 2651 1838 2713 recepit.

136 2722 185 2768 in
220 2725 489 2786 exemplari
513 2728 681 2773 autem
708 2725 891 2775 codicis
916 2731 958 2775 P
991 2726 1164 2788 procul
1191 2725 1341 2774 dubio
1367 2726 1490 2773 haec
1515 2727 1616 2773 fuit
1648 2727 1838 2788 imago:

149 2795 187 2824 at
211 2797 335 2825 contra

135 2843 331 2891 mterea.
409 2844 510 2892 iam
551 2861 667 2893 vero
707 2861 819 2893 cum
859 2846 1024 2908 glossa
1071 2846 1150 2893 vel
1191 2847 1333 2894 varia
1371 2845 1520 2893 lectio
1571 2860 1682 2892 cum
1730 2845 1838 2907 ipso

136 2919 299 2965 textus
327 2918 568 2967 vocabulo
602 2920 653 2966 in
679 2919 1066 2968 transcribendis
1092 2919 1343 2968 codicibus
1367 2919 1500 2967 haud
1525 2934 1639 2967 raro
1672 2920 1839 2967 locum

1513 3003 1567 3045 e*
