2132 3152
266 127 335 179 14
865 126 913 170 P.
948 126 1151 170 PAPINI
1184 125 1357 171 STATI

263 262 419 333 signa
456 262 562 315 tori
602 262 835 315 tonitrus
875 263 990 332 agis
1033 265 1085 314 et
1123 281 1243 315 mea
1280 263 1509 315 fulmina
1548 266 1780 332 torques,

260 337 404 389 facta
440 338 594 390 luant
633 336 870 389 Thebae:
912 355 1007 390 cur
1044 336 1224 390 hostes
1265 337 1418 407 eligis
1459 336 1673 407 Argos?

262 412 387 480 quin
433 429 546 482 age,
587 411 631 463 si
671 414 820 463 tanta
861 414 942 463 est
980 410 1207 464 thalami
1246 411 1510 464 discordia
1550 411 1734 480 sancti,
1869 426 1955 465 260

261 488 316 538 et
356 484 559 538 Samon
599 488 653 538 et
690 488 897 537 veteres
938 485 1101 537 armis
1140 485 1360 538 excinde
1398 484 1666 554 Mycenas,

258 562 406 612 verte
447 559 562 613 solo
604 558 845 628 Sparten.
923 577 1018 612 cur
1054 577 1282 628 usquam
1324 560 1582 629 sanguine
1621 560 1760 613 festo

262 633 508 703 coniugis
549 652 639 686 ara
678 636 816 703 tuae,
857 633 1071 686 cumulo
1114 652 1208 686 cur
1245 634 1381 687 turis
1420 633 1524 687 Eoi

258 709 399 761 laeta
440 707 613 761 calet?
667 709 858 761 melius
898 709 1039 761 votis
1077 707 1371 761 Mareotica
1409 708 1621 760 fumant

260 781 464 851 Coptos
505 786 558 835 et
596 782 828 835 acrisoni
867 783 1110 853 lugentia
1146 782 1369 834 flumina
1407 781 1535 836 Nili.
1868 797 1954 837 265

260 857 405 925 quod
444 857 489 909 si
528 856 703 926 prisca
741 856 900 908 luunt
939 860 1219 910 auctorum
1260 857 1495 911 crimina
1524 860 1710 927 gentes

261 930 616 1000 subvenitque
656 932 764 983 tuis
805 949 922 983 sera
958 930 1090 984 haec
1129 932 1393 984 sententia
1433 932 1589 999 curis,

257 1023 569 1074 percensere
608 1006 725 1058 aevi
765 1006 995 1074 senium,
1035 1023 1141 1074 quo
1182 1008 1422 1074 tempore
1462 1006 1677 1059 tandem

257 1083 520 1132 terrarum
558 1079 727 1132 furias
767 1079 981 1132 abolere
1022 1083 1076 1132 et
1114 1080 1324 1134 saecula
1364 1083 1507 1132 retro

259 1154 539 1206 emendare
581 1157 663 1206 sat
703 1154 818 1207 est?
858 1154 1169 1206 iamdudum
1210 1154 1276 1206 ab
1317 1154 1531 1207 sedibus
1571 1154 1678 1207 illis
1868 1168 1954 1208 270

259 1227 450 1297 incipe,
489 1228 782 1298 fluctivaga
821 1247 926 1297 qua
964 1228 1377 1298 praeterlabitur
1415 1229 1557 1281 unda

260 1301 503 1356 Sicanios
542 1302 703 1373 longe
742 1302 985 1374 relegens
1025 1302 1265 1372 Alpheos
1306 1321 1527 1356 amores.

258 1375 492 1430 Arcades
531 1376 622 1430 hic
661 1380 754 1429 tua
794 1407 864 1414 —-
904 1395 1002 1430 nec
1041 1377 1216 1446 pudor
1254 1381 1335 1430 est
1369 1409 1435 1415 —
1471 1377 1693 1430 delubra
1731 1377 1951 1431 nefastis

258 1451 541 1520 inposuere
580 1452 729 1520 locis,
769 1451 882 1504 illic
920 1451 1218 1504 Mavortius
1259 1452 1373 1504 axis

256 1523 517 1579 Oenomai
557 1523 847 1595 Geticoque
885 1543 1047 1595 pecus
1089 1525 1357 1579 stabulare
1396 1525 1494 1578 sub
1535 1524 1741 1580 Haemo
1863 1540 1949 1579 275

378 1704 463 1743 264
496 1702 572 1745 Ps.
606 1702 728 1746 Acro
760 1700 867 1745 Hor.
901 1715 1040 1745 carm.
1070 1706 1195 1756 1‚37‚
1216 1707 1269 1745 14
1297 1708 1484 1759 propter
1508 1702 1601 1746 adi.
1648 1701 1950 1745 Mareoticus:

256 1762 310 1803 ut
343 1763 471 1804 sunt:
506 1762 553 1804 et
585 1760 868 1805 Mareotides
894 1760 1028 1804 albae
1055 1761 1209 1819 (Verg.
1237 1759 1402 1817 Georg.
1430 1767 1470 1817 2,
1497 1763 1569 1818 91)
1597 1761 1663 1805 et:
1697 1760 1951 1804 Mareotica

256 1818 407 1862 fumat
435 1818 606 1875 Coptos
745 1825 830 1864 268
863 1820 1059 1878 Eutyeh.
1088 1819 1164 1864 GL
1189 1821 1230 1864 V
1254 1835 1298 1876 p.
1326 1825 1433 1876 473,
1462 1825 1514 1864 12
1548 1826 1737 1877 propter
1771 1822 1951 1865 verbum

254 1879 548 1980 emendfqndi:
588 1878 765 1923 Statius
798 1879 1064 1924 Thebaidos
1097 1880 1217 1924 libro
1250 1880 1291 1924 I:
1332 1894 1423 1936 quo
1463 1881 1673 1936 tempore
1796 1893 1948 1924 emen-

258 1938 369 1981 dare
422 1939 528 1982 acta

377 2091 462 2130 258
487 2086 687 2131 fulmina
711 2101 766 2131 ex
789 2087 873 2131 flu·
897 2093 935 2130 ff
1018 2089 1206 2143 torques
1236 2089 1295 2144 (-s
1322 2087 1428 2132 add.
1454 2086 1531 2142 ΙΝ)
1557 2093 1589 2131 1.
1689 2090 1775 2131 260
1814 2088 1949 2130 tanta

256 2160 313 2190 ex
352 2148 421 2190 -to
470 2146 546 2194 Q¹=
594 2147 718 2190 tanti
768 2146 1028 2192 Gronovius
1164 2151 1247 2191 261
1304 2160 1523 2203 mycenas
1570 2161 1624 2192 ex
1670 2161 1760 2189 ms-
1805 2146 1861 2189 Pl

347 2239 431 2278 262
471 2235 606 2279 Ferte
640 2240 667 2277 c
803 2216 898 2279 soli}
946 2235 1001 2278 ΣΒι
1153 2240 1239 2279 264
1286 2235 1469 2280 fumant
1516 2235 1707 2280 Miiller:
1762 2233 1947 2287 fumant

255 2294 330 2338 1²¹:
374 2293 526 2337 fumat
565 2309 611 2338 ω
748 2299 832 2339 265
875 2294 1093 2351 Comptos
1133 2300 1172 2349 ἲς
1226 2296 1318 2339 -tos
1359 2296 1441 2351 (vel
1479 2297 1592 2352 -tus)
1632 2294 1794 2351 egypti
1838 2295 1944 2338 add.

254 2352 310 2395 1³¹
341 2368 425 2410 my.
531 2354 732 2398 acrisoni
763 2368 818 2398 eae
849 2356 1005 2398 —sonet
1035 2354 1092 2396 Β1
1227 2359 1310 2398 267
1344 2354 1472 2398 Haec
1504 2367 1607 2398 sera
1639 2353 1947 2410 subvenitque

254 2412 349 2455 tuis
380 2415 509 2455 3111.
546 2415 748 2470 (praeter
778 2413 840 2456 H·
872 2415 924 2458 in
962 2428 1054 2458 ras.
1086 2414 1158 2471 1.¹)
1208 2417 1241 2462 Q
1288 2415 1414 2470 (ordo
1452 2415 1678 2472 yenuinus
1716 2415 1948 2458 restitutus

252 2474 581 2528 suprascriptis
615 2472 717 2516 oba
749 2488 779 2517 a
811 2472 884 2530 αῖ)
923 2478 992 2517 fr:
1039 2472 1356 2529 Subvenitque
1394 2473 1488 2517 tuis
1529 2486 1632 2517 sera
1670 2472 1785 2516 haec
1826 2472 1946 2529 (-ub-

1245 2543 1264 2564 1'

257 2580 298 2618 et
329 2588 431 2618 sera
462 2575 579 2619 haee
611 2577 663 2620 in
694 2577 779 2621 lac.
812 2590 895 2621 ser.
922 2575 993 2633 112)
1026 2591 1058 2621 ν
1181 2576 1300 2629 cutis
1333 2576 1390 2625 αἱ
1510 2580 1596 2620 268
1629 2589 1656 2619 a
1688 2589 1780 2632 quo
1806 2575 1948 2620 Mad-

253 2636 405 2691 vigius
428 2635 616 2679 Advers.
643 2637 740 2680 crit.
759 2636 824 2680 ΙΙ
833 2651 882 2692 p.
903 2639 1010 2680 153:
1045 2637 1186 2692 atque
1202 2635 1290 2680 hoc
1307 2636 1673 2682 Sandstroemius
1689 2638 1813 2678 1878
1822 2649 1872 2692 p.
1887 2638 1948 2679 40

346 2697 432 2736 270
465 2696 539 2737 sat
570 2695 641 2738 est
663 2699 772 2739 Pw:
812 2694 940 2738 facta
965 2695 1193 2752 Eutyches
1314 2699 1397 2739 271
1430 2694 1683 2750 fluctivaga
1707 2707 1762 2738 ex
1784 2708 1864 2751 -go
1891 2693 1947 2741 Q¹

344 2781 713 2838 propterlabitur
746 2788 784 2827 f:
832 2785 1018 2840 praeter
1063 2786 1253 2840 propter
1276 2783 1452 2827 labitur
1475 2782 1531 2828 ν’
1635 2787 1720 2826 272
1754 2763 1945 2839 alpheds

253 2839 390 2888 1¹2²
526 2846 610 2884 273
644 2841 881 2886 Archades
912 2846 945 2884 1²
997 2902 1003 2910 .
1066 2842 1281 2887 nefandis
1320 2848 1355 2885 1)
1501 2847 1585 2886 274
1616 2842 1883 2899 Imposuere
1913 2846 1946 2884 P

345 2944 474 3000 agxis
506 2950 527 2986 f
660 2949 745 2988 275
787 2911 1237 3003 Οεῃοωξὲεὲοὺίωᾳηε
1270 2945 1326 2988 Β1
