2132 3152
280 103 361 147 LX
799 101 1081 147 EDITORIS
1112 101 1454 147 PRAEFATIO

281 244 423 292 abest
462 243 523 291 ab
572 244 786 292 insulari
833 244 1101 306 scriptura,
1141 258 1196 291 eo
1240 243 1400 307 magis
1439 244 1653 308 vestigia
1691 247 1972 294 cernuntur.

281 317 617 380 compluribus
658 320 823 366 autem
864 317 1006 366 libris
1049 317 1345 366 intermissis
1393 334 1451 366 ea
1502 318 1711 366 diminui
1754 320 1833 367 vel
1872 320 1975 369 fere

281 392 436 440 deleri
467 395 851 440 consentaneum
891 394 978 440 est.
1042 392 1125 440 sed
1157 392 1256 440 iam
1298 409 1605 441 communem
1644 409 1811 442 eorum
1845 395 1974 443 codi-

281 483 394 515 cum
426 467 614 515 fontem
648 485 693 514 ω
727 466 898 514 eadem
931 468 1177 530 scriptura
1213 468 1469 515 exaratum
1499 468 1655 516 fuisse
1687 469 1974 532 comproba‘

280 544 378 589 tur.
441 557 556 589 nam
588 558 678 603 pro
712 557 768 589 eo
801 541 934 603 quod
969 543 1015 602 1,
1041 543 1148 589 474
1180 543 1234 589 111
1264 545 1308 589 P
1339 544 1472 590 recte
1503 542 1691 606 legitur
1711 558 1820 604 per,
1851 543 1905 591 in
1929 562 1974 592 ω

272 619 387 676 post
417 615 745 664 substitutum
778 618 864 664 est.
929 632 1055 678 quae
1088 615 1351 664 diversitas
1383 617 1578 680 egregie
1609 616 1697 665 illo
1731 617 1975 666 scribendi

282 706 460 754 genere
485 691 772 752 explicatur.
836 691 1078 739 accedunt
1103 691 1232 738 aliae
1255 690 1535 739 litterarum
1561 693 1974 741 commutationes

283 781 408 826 quae
441 765 612 813 eodem
644 766 918 826 pertinent:
954 766 1000 825 3,
1035 766 1140 812 426
1174 779 1327 813 vanos
1358 769 1424 813 P:
1456 768 1620 814 varios
1652 785 1711 815 ω.
1793 769 1839 828 3,
1867 768 1971 815 672

279 839 526 887 Flamina
550 844 613 887 P:
645 839 893 888 Flumina
925 858 984 887 ω.
1050 842 1098 900 4,
1126 841 1229 887 289
1265 839 1401 887 alitor
1430 843 1497 887 P:
1529 840 1672 888 cliton
1705 859 1764 888 ω.
1831 842 1877 902 6,
1904 843 1973 890 20

281 915 522 962 lacessant
551 918 616 962 P:
657 915 899 962 lacessunt
929 933 989 961 ω.
1070 915 1116 974 6,
1151 914 1255 962 536
1291 917 1514 962 rotantur
1545 919 1609 962 P:
1649 919 1881 963 notantur
1912 935 1971 963 ω.

283 990 330 1050 6,
358 989 462 1036 669
499 1002 556 1036 ea
580 991 680 1036 viso
706 992 770 1036 P:
803 989 1030 1037 exhausto
1056 981 1181 1055 (κω
1199 982 1255 1054 a)
1281 1007 1340 1036 ω.
1401 991 1447 1049 6,
1474 990 1577 1037 827
1604 991 1884 1049 amentibus
1909 994 1973 1038 P:

279 1064 551 1123 inqentibus
577 1082 636 1111 ω.
717 1064 764 1123 8,
792 1064 893 1110 371
929 1065 1052 1124 riyet
1074 1067 1139 1111 P:
1169 1065 1288 1112 nitet
1311 1082 1370 1110 ω.
1450 1064 1497 1123 8,
1525 1064 1632 1112 570
1663 1065 1886 1112 Primam
1910 1069 1974 1113 P:

280 1138 505 1185 Primum
531 1156 589 1185 ω.
672 1139 718 1198 9,
745 1138 849 1185 876
875 1139 1117 1197 patebunt
1138 1142 1203 1185 P:
1226 1138 1464 1198 patebant
1487 1156 1547 1186 ω.
1630 1140 1712 1199 10,
1739 1140 1841 1186 411
1880 1140 1976 1187 lac—

279 1227 393 1260 va‘m
424 1216 595 1260 PBG:
628 1213 818 1260 laevum
851 1230 911 1259 ω.
990 1212 1222 1274 quoniam
1256 1213 1411 1276 :igitur
1442 1217 1484 1260 P
1518 1228 1714 1275 quoque
1749 1230 1777 1260 a
1811 1213 1974 1262 codice

281 1286 491 1334 insulari
517 1286 783 1335 descendat
803 1314 869 1318 —
889 1286 940 1333 id
966 1286 1096 1348 quod
1123 1287 1237 1334 ante
1263 1287 1708 1335 demonstravimus
1721 1282 1778 1351 1),
1805 1305 1974 1350 quam-

281 1377 428 1423 quam
455 1363 627 1424 augeri
650 1362 815 1423 potest
846 1362 922 1410 vis
949 1363 1354 1424 argumentorum
1381 1388 1465 1422 —,
1492 1362 1727 1424 quicquid
1753 1363 1974 1411 codicum

282 1435 548 1483 Thebaidis
582 1438 826 1497 superest,
860 1451 890 1483 a
922 1435 1112 1484 duobus
1145 1436 1506 1498 exemplaribus
1538 1436 1732 1498 pendet,
1767 1453 1975 1499 quorum

279 1526 432 1557 unum
470 1510 657 1558 Iuliani
697 1510 953 1558 cuiusdam
992 1528 1037 1559 v.
1063 1525 1101 1558 c.
1143 1510 1254 1571 fuit,
1295 1511 1510 1558 alterum
1550 1511 1822 1560 communis
1864 1513 1974 1560 fons

283 1584 505 1632 codicum
540 1603 600 1632 ω.
678 1601 735 1632 ex
768 1586 979 1646 utroque
1012 1584 1302 1647 transcripti
1341 1586 1457 1634 sunt
1487 1585 1697 1634 insulari
1729 1587 1976 1648 scriptura

281 1658 464 1723 singuli
499 1659 704 1719 codices,
737 1659 865 1706 unde
898 1659 1114 1721 pendent
1146 1661 1195 1707 et
1226 1663 1268 1707 P
1302 1661 1352 1707 et
1384 1660 1534 1707 ceteri
1565 1660 1695 1708 libri.

787 1846 937 1900 CAP
951 1847 1050 1901 VT
1091 1846 1462 1901 TERTIVM

651 1950 770 1992 quae
801 1935 924 1979 ratio
956 1935 1221 1980 intercedat
1251 1935 1375 1979 inter
1405 1940 1437 1977 P
1470 1937 1517 1979 et
1547 1952 1606 1979 ω.

392 2046 545 2094 vicini
576 2048 837 2109 utriusque
863 2046 1084 2095 familiae
1115 2047 1292 2108 proavi
1323 2047 1536 2095 fuerunt.
1590 2039 1721 2094 unde
1753 2063 1851 2094 non
1883 2048 1971 2094 mi-

279 2136 471 2181 ramur,
511 2120 640 2168 inter
680 2136 760 2170 eas
801 2120 952 2169 fuisse
994 2120 1243 2182 quoddam
1284 2121 1644 2169 commercium.
1715 2136 1803 2168 nec
1842 2123 1972 2169 enim

281 2195 427 2242 aliter
458 2196 746 2257 explicatur,
778 2195 909 2258 quod
942 2197 992 2242 et
1016 2195 1180 2243 nullus
1206 2195 1439 2258 vulgatae
1473 2194 1622 2243 codex
1653 2210 1750 2242 non
1782 2195 1861 2242 hic
1892 2196 1972 2245 vel

279 2270 385 2317 illic
417 2285 527 2316 cum
551 2274 593 2317 P
627 2271 800 2318 contra
833 2272 1069 2333 cognatos
1102 2284 1216 2318 suos
1242 2269 1493 2331 conspirat
1525 2270 1575 2318 et
1605 2268 1710 2330 ipse
1734 2273 1776 2316 P
1810 2285 1839 2316 a
1863 2271 1969 2317 vul-

280 2344 400 2406 gata
432 2344 695 2392 nonnullas
719 2345 956 2392 lectiones
982 2345 1185 2405 accepit.
1241 2343 1367 2391 illud
1401 2343 1530 2405 quod
1556 2346 1670 2391 ante
1702 2343 1873 2404 paucis
1899 2344 1971 2390 in-

281 2417 444 2465 dicavi
456 2410 510 2479 2),
543 2418 644 2465 iam
669 2418 905 2480 exemplis
930 2417 1306 2478 illustrabimus,
1340 2420 1397 2465 ut
1421 2418 1660 2480 appareat
1691 2419 1882 2479 quanta
1906 2417 1972 2466 sit

280 2491 360 2539 hic
390 2491 496 2539 illic
528 2492 802 2541 similitudo
827 2493 908 2541 vel
930 2491 983 2540 in
1006 2491 1224 2540 minimis
1249 2492 1407 2540 rebuS.
1464 2491 1600 2540 cuius
1627 2490 1970 2540 similitudinis

280 2567 493 2630 vestigia
524 2567 575 2613 in
616 2568 685 2615 eis
717 2566 952 2614 nimirum
992 2566 1241 2615 codicibus
1274 2566 1551 2630 largissime
1582 2567 1771 2628 patent,
1805 2567 1891 2627 qui
1922 2569 1971 2614 et

279 2640 378 2701 ipsi
418 2639 797 2704 diligentissime
843 2642 1016 2702 scripti
1054 2642 1171 2689 sunt
1209 2642 1260 2687 et
1298 2656 1396 2690 non
1435 2641 1582 2688 nimis
1621 2640 1790 2688 multis
1829 2639 1970 2688 libris
2068 2675 2070 2678 f

279 2713 572 2763 intermissis
595 2715 657 2763 ad
676 2730 983 2763 communem
1005 2715 1248 2778 originem
1265 2715 1549 2765 ascendunt.
1576 2730 1672 2776 quo
1693 2715 1745 2761 in
1765 2730 1968 2762 numero

402 2871 444 2926 1)
475 2869 641 2914 Philol.
668 2874 720 2913 61
749 2872 899 2928 (1904)
931 2885 976 2927 p.
1004 2873 1088 2914 158
1103 2884 1169 2926 sq.

401 2930 443 2986 2)
473 2928 665 2974 Hermes
689 2934 746 2973 40
771 2930 922 2987 (1905)
954 2945 998 2987 p.
1025 2933 1125 2974 352.
