2066 3178
219 150 284 195 VI
739 149 1021 196 EDITORIS
1052 148 1398 195 PRAEFATIO

717 322 754 370 I.
797 321 1033 370 codices
1065 320 1414 369 Britannici

130 430 204 475 W
330 429 405 475 W
436 426 839 489 fragmentum
863 426 1381 474 Worcesteriense
1407 441 1442 473 s.
1462 425 1547 486 IX,
1573 425 1705 489 quod
1729 425 1924 475 invenit

219 500 463 549 Henricus
498 499 734 561 Schenkl,
774 501 832 550 cf.
865 500 1026 548 Wien.
1062 499 1200 549 Stud.
1235 500 1267 547 8
1303 492 1499 566 (1887)
1530 517 1576 563 p.
1613 500 1920 551 166—168.

220 574 431 623 alicuius
462 574 581 623 libri
611 591 740 623 unus
775 575 1036 638 quaternio
1067 575 1358 641 tegumento
1391 574 1574 624 codicis
1599 567 1664 631 Q⁸
1680 575 1710 623 8
1743 574 1921 625 biblio-

219 649 391 698 thecae
430 649 732 698 cathedralis
770 649 1206 699 Worcesteriensis
1246 649 1593 714 agglutinatus
1633 651 1722 710 est,
1759 650 1834 698 ita
1865 650 1924 698 ut

219 724 400 773 ultima
432 725 619 789 pagina
651 725 751 788 legi
785 726 1012 787 nequeat.
1061 739 1169 772 cum
1196 740 1314 773 vero
1348 723 1560 788 singulis
1592 722 1790 788 paginis
1815 740 1921 773 ver-

220 815 303 848 sus
336 800 510 862 scripti
542 800 644 847 sint
674 799 836 847 viceni
869 798 1025 862 quini,
1057 800 1242 848 servati
1266 801 1383 847 sunt
1407 798 1556 848 Theb.
1583 801 1630 860 2,
1651 799 1923 861 70—441,

221 891 246 922 e
280 873 461 937 quibus
494 873 816 923 Schenkelius
852 876 899 935 2,
936 874 1188 923 70-285
1223 874 1450 923 contulit.

144 967 193 1013 D
331 964 491 1012 multo
523 964 729 1012 maioris
755 963 905 1027 pretii
931 965 1008 1013 est
1040 962 1220 1012 codex
1257 962 1520 1027 Collegii
1552 963 1599 1013 S.
1625 963 1921 1013 Johannis

221 1037 375 1101 apud
417 1037 958 1103 Cantabrigienses
998 1039 1042 1086 D
1076 1038 1155 1085 IV
1188 1030 1299 1104 (D).
1361 1038 1448 1101 qui
1487 1037 1614 1086 liber
1652 1039 1922 1101 postquam

219 1112 549 1176 paucissimae
583 1130 639 1161 ex
674 1129 730 1161 eo
764 1113 1000 1162 lectiones
1030 1113 1213 1161 Iortini
1243 1114 1422 1162 merito
1462 1114 1514 1161 in
1546 1113 1726 1177 vulgus
1758 1112 1921 1163 editae

220 1190 351 1249 sunt,
389 1187 452 1236 ab
486 1187 546 1235 H.
573 1188 649 1237 W.
677 1186 869 1237 Garrod
907 1189 957 1237 in
998 1189 1160 1236 lucem
1199 1189 1482 1251 protractus
1523 1189 1573 1236 et
1603 1188 1815 1237 collatus
1848 1188 1924 1237 est

220 1278 350 1311 anno
389 1264 552 1322 1902,
593 1262 653 1311 cs.
696 1279 825 1326 quae
865 1262 951 1312 ille
983 1263 1061 1311 vir
1100 1261 1274 1313 doctus
1315 1262 1374 1310 de
1410 1262 1503 1312 hoc
1533 1262 1662 1311 libro
1695 1263 1925 1326 exposuit

222 1335 375 1385 Class.
403 1337 519 1386 Rev.
551 1339 617 1386 18
645 1331 841 1404 (1904)
874 1355 922 1401 p.
950 1338 1183 1387 38—42.
1226 1337 1376 1386 codex
1408 1338 1605 1386 saeculo
1630 1338 1675 1386 X
1708 1337 1923 1401 scriptus

219 1411 338 1460 olim
380 1412 442 1460 ad
483 1414 722 1475 prioriam
755 1412 1026 1462 Dovoriam
1066 1412 1331 1475 pertinuit,
1371 1412 1422 1461 id
1463 1411 1595 1475 quod
1627 1413 1678 1461 et
1707 1413 1924 1461 testatur

219 1486 420 1535 titulus:
452 1487 607 1545 timer)
639 1489 986 1536 monachorum
1018 1488 1076 1536 de
1100 1487 1333 1549 Dovorya
1364 1489 1415 1535 et
1445 1487 1613 1536 firmat
1642 1488 1785 1536 vetus
1818 1488 1922 1536 eius

219 1560 547 1611 bibliothecae
589 1562 851 1625 catalogus
891 1579 1020 1610 nunc
1061 1559 1243 1610 Oxonii
1282 1562 1334 1610 in
1366 1561 1643 1611 Bodleiana
1683 1563 1922 1612 servatuS.

219 1636 431 1701 singulis
461 1637 661 1701 paginis
694 1636 840 1685 binae
866 1637 1125 1685 columnae
1150 1638 1384 1685 exaratae
1416 1639 1547 1698 sunt,
1579 1637 1827 1699 scriptura
1850 1635 1922 1685 fa-

219 1710 305 1760 cili
337 1710 400 1759 ad
433 1711 712 1777 legendum,
744 1712 840 1760 nisi
874 1711 1006 1775 quod
1039 1713 1089 1759 iu
1125 1711 1284 1760 altera
1316 1710 1628 1773 potissimum
1655 1709 1924 1762 Thebaidis

218 1789 360 1849 parte
393 1786 554 1835 multa
596 1786 796 1835 madore
837 1789 1072 1850 corrupta
1112 1788 1242 1835 sunt.
1307 1786 1627 1835 continentur
1666 1788 1833 1835 autem
1873 1785 1924 1834 in

218 1859 360 1921 libro,
392 1862 522 1909 sicut
553 1860 703 1910 titulo
728 1861 994 1922 indicatur,
1018 1861 1161 1911 haec:
1192 1860 1340 1910 Statii
1367 1860 1597 1910 Thebaid.
1624 1861 1735 1909 Lib.
1766 1852 1920 1928 ΧΙΙ.Ι

221 1934 426 1984 Glossae
446 1951 596 1997 super
619 1936 947 1985 Priscianum.
969 1929 976 2005 Ι
998 1935 1318 1985 Commentar.
1344 1938 1398 1985 in
1422 1935 1533 1984 Lib.
1551 1935 1756 1996 Sophist.
1777 1935 1924 1983 Elem·

219 2010 430 2058 chorum.
479 2010 620 2059 Inter
650 2010 956 2059 Thebaidem
989 2013 1040 2059 et
1073 2009 1275 2060 Glossas
1308 2026 1457 2074 super
1480 2009 1792 2059 Priscianum
1824 2026 1925 2060 una

219 2085 449 2134 columna
479 2088 532 2135 et
562 2085 771 2134 dimidia
803 2102 860 2133 ex
892 2085 1103 2135 Ausonii
1136 2086 1327 2149 idylliis
1359 2086 1649 2135 vicesimum
1682 2085 1921 2147 scriptum

219 2162 310 2222 est,
340 2159 427 2208 sed
458 2160 558 2226 legi
590 2161 692 2210 fere
724 2162 910 2223 nequit.
973 2162 1023 2208 in
1059 2162 1282 2224 margine
1314 2176 1430 2210 vero
1462 2159 1704 2209 Thebaidi
1736 2158 1925 2209 scholia

219 2234 378 2298 spisse
400 2234 651 2298 adscripta
676 2238 806 2296 sunt,
830 2235 1028 2285 diversa
1051 2236 1319 2285 maximam
1344 2236 1554 2298 partem,
1578 2234 1728 2284 sicuti
1745 2232 1922 2294 (imp-

218 2308 329 2357 dius
355 2313 536 2372 monet,
562 2326 591 2358 a
616 2311 973 2359 commentario
1000 2311 1086 2373 qui
1110 2310 1268 2358 fertur
1292 2309 1559 2359 Lactantii.
1601 2308 1923 2372 quamobrem

220 2385 266 2432 ei
299 2384 383 2447 qui
418 2384 608 2433 scholia
642 2384 875 2434 Statiana
908 2400 1021 2434 vere
1054 2384 1180 2447 edet,
1213 2383 1340 2433 liber
1370 2386 1547 2448 utique
1579 2386 1656 2433 est
1687 2382 1923 2432 adhiben-

220 2458 325 2507 dus.
374 2459 460 2508 sed
491 2461 543 2508 in
576 2459 684 2522 ipso
719 2475 950 2509 versuum
982 2422 1220 2508 contextu
1252 2458 1540 2522 saepissime
1573 2457 1754 2521 duplex
1788 2459 1925 2506 extat

220 2533 384 2593 lecti0‚
432 2534 494 2582 ab
540 2536 651 2597 ipso
706 2533 912 2583 librario
960 2536 1176 2583 exarata.
1257 2535 1468 2598 apparet
1520 2533 1678 2598 igitur
1723 2532 1824 2581 iam
1870 2531 1924 2581 in

219 2608 491 2670 exemplari
530 2609 697 2657 varias
736 2609 973 2659 lectiones
1013 2607 1378 2672 suprascriptas
1409 2607 1574 2658 fuisse.
1645 2622 1703 2655 ex
1743 2605 1922 2669 quibus

219 2682 516 2731 lectionibus
541 2683 727 2732 alterae
752 2683 1044 2746 plerumque
1065 2699 1177 2732 cum
1195 2682 1450 2732 Puteaneo
1469 2675 1576 2751 (Ρ),
1601 2682 1786 2730 alterae
1811 2695 1924 2730 cum

219 2756 428 2822 vulgata
458 2750 556 2823 (ω)
589 2759 918 2807 consentiunt.

332 2830 603 2880 Garrodius
635 2834 902 2894 postquam
934 2831 995 2880 de
1026 2831 1119 2881 hoc
1151 2830 1374 2880 codicel.
1399 2832 1431 2880 1.
1465 2829 1743 2897 disputavit
1773 2828 1921 2880 selec-

218 2907 395 2968 tasque
427 2905 663 2955 lectiones
703 2907 986 2969 proposuit,
1024 2907 1076 2954 in
1110 2905 1328 2956 editione
1359 2921 1450 2957 sua
1481 2904 1652 2955 eodem
1682 2919 1801 2954 usus
1833 2905 1923 2954 est

219 2979 349 3029 unde
381 2995 474 3043 ego
506 2995 617 3028 mea
649 2982 884 3044 prompsi.
