2066 3178
174 2370 225 2413 Κ

256 107 404 152 XXVI
761 105 1039 151 EDITORIS
1071 105 1412 150 PRAEFATIO

366 250 565 310 praeter
587 248 752 310 ipsum
776 250 971 295 textum
997 247 1185 295 scholia
1208 246 1461 308 adscripta
1489 248 1605 294 sunt
1629 245 1691 293 ad
1717 246 1867 293 Theb.
1898 249 1942 307 1,

257 325 489 384 696—2,
517 324 582 370 93
619 322 680 369 ab
713 322 821 384 ipso
853 321 1074 369 librario.
1114 320 1273 384 igitur
1304 337 1362 369 ex
1395 320 1586 369 duobus
1618 319 1752 368 foliis
1785 336 1942 368 exem—

252 398 408 459 plaris
448 396 635 444 scholia
666 396 902 444 videntur
942 411 1045 443 esse
1086 395 1410 457 transcripta,
1449 394 1501 441 in
1540 393 1716 442 ceteris
1749 394 1942 442 omissa.

254 472 387 534 quod
420 471 462 519 si
494 473 626 518 recte
659 470 861 531 conicio,
901 470 951 516 in
988 469 1258 531 exemplari
1299 469 1508 533 singulis
1544 468 1741 532 paginis
1771 484 1943 516 versus

251 546 432 593 triceni
462 545 591 593 terni
626 544 913 592 extiterunt.
976 547 1142 591 textus
1182 543 1287 606 ipse
1327 561 1356 592 a
1386 542 1549 590 tribus
1580 542 1798 590 librariis
1831 558 1943 590 con-

253 620 412 668 fectus
444 622 531 681 est,
572 619 659 681 qui
700 618 942 666 laudabili
984 617 1247 682 diligentia
1285 617 1454 680 potius
1495 633 1646 679 quam
1677 616 1944 678 prudentia

251 710 456 742 munere
498 709 587 741 suo
628 693 790 740 functi
830 696 957 740 sunt.
1021 695 1156 741 certe
1195 691 1668 754 interpolationibus
1707 707 1851 739 nemo
1886 707 1943 738 ex

253 770 324 816 eis
355 768 579 815 indulsit.
633 770 807 830 itaque
839 783 998 829 pauca
1029 767 1291 814 restabant
1324 765 1630 814 emendanda
1663 764 1942 824 correctori,

254 842 338 904 qui
379 843 537 890 altero
579 842 743 891 codice
784 842 1009 889 adhibito
1049 841 1294 904 quaedam
1335 839 1611 902 adnotavit,
1653 856 1691 887 e.
1718 857 1764 902 g.
1802 842 1940 902 1,12

251 932 396 965 arcus
419 920 552 964 recte
578 917 813 964 librarius
839 918 1119 978 scripserat,
1146 917 1394 964 corrector
1419 914 1580 962 effecit
1605 930 1789 969 arcum,
1817 929 1942 975 quae

251 995 326 1040 est
365 991 510 1040 lectio
553 991 776 1039 codicum
814 994 1056 1049 DLbuv
1098 991 1277 1037 Turon.
1352 992 1397 1052 1,
1433 991 1499 1036 74
1535 992 1791 1049 parentem
1830 1004 1942 1035 cum

250 1066 498 1128 plerisque
525 1065 787 1127 codicibus,
813 1068 1051 1113 carentem
1067 1067 1314 1112 corrector
1332 1058 1409 1126 02,
1433 1063 1555 1111 item
1572 1067 1733 1121 PLu.
1772 1065 1816 1124 1,
1838 1063 1941 1109 144

249 1142 377 1201 fulta
411 1135 474 1188 02
506 1157 562 1187 ex
594 1142 734 1201 fulva
774 1139 1001 1201 correxit,
1038 1140 1166 1199 fulta
1207 1141 1368 1187 exstat
1406 1139 1458 1185 in
1498 1137 1637 1184 libris
1669 1131 1940 1196 leLav.

254 1220 298 1277 1,
328 1217 430 1263 223
456 1217 665 1275 pelaqus
699 1209 762 1263 0¹
802 1215 1094 1262 exaraverat
1125 1213 1465 1262 consentiente
1504 1212 1556 1259 in
1597 1228 1760 1260 errore
1792 1211 1942 1259 Pute-

250 1306 395 1351 aneo,
426 1291 602 1351 pelago
650 1288 861 1337 correxit
903 1283 966 1336 02
1008 1288 1137 1350 quod
1179 1290 1343 1336 exstat
1382 1287 1434 1335 in
1475 1280 1590 1352 ωῙ).
1657 1288 1701 1339 1,
1738 1287 1839 1333 281
1885 1302 1942 1332 ex

248 1367 494 1413 miseresce
535 1358 598 1412 0²
638 1363 798 1411 effecit
836 1355 1112 1428 misererff)
1155 1362 1288 1424 quod
1327 1361 1513 1425 legitur
1551 1360 1603 1407 in
1634 1364 1695 1408 D.
1763 1362 1808 1422 1,
1835 1361 1938 1408 365

248 1441 471 1487 Miratur
497 1456 554 1486 ex
572 1442 669 1486 -tus
695 1432 780 1499 0²³3
805 1438 897 1486 hoc
921 1437 971 1484 in
997 1441 1216 1485 PBMD
1243 1438 1420 1497 exstat,
1444 1435 1573 1482 illud
1595 1434 1647 1482 in
1672 1453 1731 1482 ω.
1768 1436 1814 1496 2,
1835 1435 1939 1482 418

245 1519 417 1605 ρι’νὲηε
458 1538 540 1591 02:
579 1558 750 1602 ‚qerens
789 1546 909 1590 Pw:
946 1543 1076 1601 ‚ceris
1108 1545 1228 1588 DN.
1297 1542 1342 1601 7,
1378 1541 1481 1588 134
1513 1540 1706 1600 plausit
1746 1533 1940 1586 (3¹sz

244 1620 454 1678 &pressit
478 1633 717 1679 suprascr.
739 1610 906 1665 02M0.
947 1616 1119 1678 itaque
1144 1615 1393 1678 duplicem
1419 1613 1559 1662 nobis
1585 1612 1802 1662 codicem
1829 1611 1942 1660 Oas-

249 1693 465 1740 sellanus
492 1708 688 1754 quoque
714 1693 1072 1753 repraesentat,
1105 1690 1318 1737 alterum
1349 1688 1511 1751 prima
1535 1703 1699 1748 manu,
1727 1687 1941 1734 alterum

248 1783 398 1815 manu
432 1766 735 1815 correctoris.
783 1765 934 1812 huius
967 1767 1134 1812 autem
1170 1764 1335 1825 codex,
1367 1762 1419 1809 id
1444 1762 1575 1824 quod
1607 1761 1658 1808 in
1691 1763 1941 1822 apparatu

248 1837 421 1889 critico
454 1840 612 1903 magis
638 1840 790 1888 etiam
822 1839 1139 1901 perspicuum
1172 1841 1260 1898 est,
1295 1853 1445 1899 quam
1476 1835 1648 1898 paucis
1672 1835 1940 1897 propositis
2036 1839 2042 1847 “

249 1915 498 1977 exemplis,
532 1915 695 1962 affinis
729 1916 836 1962 erat
875 1913 1015 1961 libris
1056 1928 1167 1960 cum
1198 1916 1244 1960 D
1277 1914 1387 1959 tum
1418 1915 1488 1959 M.
1553 1926 1662 1958 cum
1693 1926 1808 1957 vero
1842 1925 1940 1957 non

248 1990 369 2037 satis
402 1991 589 2036 multae
624 1990 817 2036 exstent
839 1988 1078 2036 lectiones
1104 1981 1181 2048 02,
1214 1986 1319 2034 eius
1353 1985 1534 2033 codicis
1567 1983 1830 2031 admodum
1855 1983 1938 2031 ob-

247 2081 389 2112 scura
424 2067 499 2112 est
530 2064 709 2127 imago.

360 2140 551 2202 glossas
583 2154 721 2186 raras
755 2140 953 2199 praeter
984 2137 1128 2184 illum
1153 2138 1476 2184 correctorem
1509 2133 1570 2182 ab
1597 2132 1709 2180 aliis
1742 2148 1939 2194 quoque

249 2213 443 2262 additas
477 2229 580 2261 esse
613 2213 782 2260 monet
811 2211 991 2259 Weber
1023 2211 1053 2258 l.
1079 2211 1111 2257 1.
1144 2227 1189 2272 p.
1223 2211 1306 2258 20.
1368 2209 1498 2256 idem
1533 2207 1849 2256 collationem
1880 2209 1939 2254 ut

248 2289 445 2336 videtur
476 2287 901 2335 accuratissimam.
933 2287 985 2332 in
1017 2285 1105 2332 illo
1139 2285 1508 2348 programmate
1541 2281 1814 2345 proposuit.

362 2363 527 2410 codice
553 2360 781 2409 Gudiano
809 2362 876 2407 54
905 2354 1000 2427 (K)
1027 2374 1145 2407 usus
1179 2360 1254 2406 est
1279 2356 1542 2417 Queckius,
1576 2355 1752 2403 deinde
1785 2355 1936 2402 Kohl-

247 2452 456 2485 mannus
490 2436 541 2483 in
572 2435 849 2483 Achilleide
883 2434 1086 2482 edenda.
1134 2433 1265 2480 idem
1298 2448 1411 2479 eum
1444 2431 1506 2478 ad
1530 2429 1831 2477 Thebaidem
1862 2445 1936 2476 re—

248 2511 542 2560 censendam
575 2502 864 2576 adhibuit.3)
921 2509 1060 2556 cuius
1086 2507 1350 2555 collatione
1383 2506 1434 2552 in
1468 2504 1684 2552 editione
1716 2502 1935 2565 promul-
2032 2555 2035 2562 Ι

248 2588 367 2650 gata
401 2601 490 2647 ego
525 2600 720 2646 quoque
753 2585 879 2630 utor.
936 2582 1018 2630 sed
1051 2599 1112 2629 ne
1145 2584 1327 2629 temere
1361 2581 1407 2628 ei
1439 2577 1701 2627 credidisse
1734 2577 1935 2637 dicerer,

246 2661 418 2724 rogavi
445 2658 711 2706 Ricardum
729 2658 921 2720 Biirger
946 2655 1158 2704 amicum
1177 2654 1638 2715 Guelferbytanum,
1661 2654 1720 2699 ut
1743 2653 1934 2714 partem

370 2818 409 2872 1)
442 2817 687 2870 utramque
718 2813 965 2857 lectionem
998 2818 1032 2854 D
1065 2825 1249 2867 quoque
1281 2809 1482 2853 exhibet.

367 2877 409 2931 2)
442 2874 530 2918 hoc
559 2873 700 2917 velim
733 2872 952 2929 suppleas
984 2871 1032 2914 in
1066 2872 1296 2927 apparatu
1329 2868 1503 2912 critico.

367 2936 410 2991 3)
442 2932 666 2977 Achilleis
702 2936 814 2975 1879
846 2947 890 2988 p.
915 2930 970 2986 X,
1003 2929 1206 2973 Thebais
1241 2932 1355 2973 1884
1387 2942 1431 2983 p.
1457 2926 1532 2970 IX.
