2066 3178
717 87 999 132 EDITORIS
1033 86 1377 131 PRAEFATIO
1748 87 1897 131 XXIII

195 231 479 278 Romanicis
520 230 767 290 abhorret,
806 231 864 277 ut
902 228 1091 294 Poggio
1125 230 1319 277 constet
1350 228 1566 277 ludibrio
1607 229 1758 276 fuisse
1792 245 1895 277 mo-

195 306 376 353 nachos
403 304 688 366 Germanos,
723 303 808 366 qui
840 304 1030 351 malum
1056 305 1269 352 vetitum
1303 320 1332 351 a
1363 304 1494 351 malo
1529 303 1683 352 fetido
1716 320 1895 366 parum

195 379 570 443 distinguerent.
650 379 875 440 exempla
923 380 1089 426 autem
1138 396 1195 425 ex
1242 383 1286 426 L
1333 394 1464 440 pono
1512 379 1655 426 haec:
1707 381 1751 441 1,
1788 379 1889 427 491

276 452 304 490 f
871 450 933 488 nis
1394 451 1537 487 &facem

193 500 414 548 Devioeus
437 500 520 547 11⁰.
580 501 627 560 2,
647 499 751 546 389
786 502 1023 547 mavestat
1044 500 1128 546 12⁶.
1181 501 1227 558 3,
1256 500 1359 546 692
1394 513 1552 545 vocem
1575 499 1660 546 ΙΝ.
1713 499 1759 560 3,
1787 499 1892 546 436

190 572 328 670 8Ξῖιῖζο
353 612 418 685 (f)
443 620 527 666 L0.
565 619 613 683 4,
642 618 745 666 345
773 620 1013 666 mavortia
1038 633 1095 664 ex
1119 619 1354 678 mafortt'a
1378 611 1459 666 Ll.
1502 619 1550 678 4,
1573 619 1675 665 709
1694 619 1896 678 phariis

192 741 248 772 ex
280 724 436 772 variis
466 725 550 772 ΙΝ.
616 723 664 784 4,
693 722 796 771 746
822 694 1038 783 pulsseris
1070 724 1153 771 12⁰.
1236 724 1282 784 5,
1311 723 1415 770 228
1457 724 1669 781 finxerat
1701 738 1758 770 ex
1789 724 1895 770 vin-

190 832 328 878 xerat
349 830 422 876 L⁰
447 821 532 894 (cf.
553 828 600 890 5,
621 819 767 894 269).
811 830 857 889 7,
878 828 982 874 348
1013 827 1160 887 Gerasi
1192 843 1249 875 ex
1278 826 1437 875 Gavisa·
1459 820 1540 875 1.1.
1585 829 1632 888 9,
1651 827 1756 874 848
1782 797 1897 886 fidit

191 905 275 952 L⁰.
329 906 410 964 11,
441 904 542 950 761
578 903 711 962 favet
742 918 800 950 ex
824 906 964 950 vavet
988 897 1069 951 Ll.
1125 903 1246 950 item
1279 902 1342 949 ad
1368 903 1610 966 originem
1636 900 1894 950 Germani-

191 995 299 1026 cam
329 979 550 1040 pertinet
581 978 830 1039 scriptura
862 981 1164 1026 catervvam.

304 1069 361 1101 ex
392 1054 502 1115 ipso
544 1054 711 1100 autem
752 1054 987 1100 contextu
1027 1053 1086 1100 de
1121 1051 1481 1114 exemplaribus
1516 1051 1698 1099 codicis
1731 1052 1892 1114 Lipsi-

191 1128 320 1176 ensis
362 1127 606 1190 quaedam
646 1128 765 1175 licet
804 1127 1104 1176 concludere.
1175 1143 1291 1175 nam
1332 1126 1482 1174 Theb.
1521 1129 1567 1189 2,
1601 1128 1892 1174 112—138

191 1203 361 1251 omissi
394 1204 510 1250 sunt
532 1201 697 1250 media
720 1203 921 1266 pagina,
955 1202 1039 1250 sed
1063 1202 1184 1250 folio
1217 1203 1404 1249 inserto
1438 1201 1659 1264 suppleti
1691 1202 1752 1250 ab
1784 1203 1894 1265 ipso

190 1277 395 1325 librario
437 1277 701 1339 adscriptis
740 1278 794 1325 in
827 1277 938 1325 folii
970 1279 1134 1340 capite
1166 1279 1286 1324 nota
1318 1278 1350 1324 ἤ
1384 1271 1438 1342 (1.
1464 1270 1568 1343 hic)
1610 1279 1660 1325 et
1700 1293 1754 1325 eo
1787 1277 1894 1325 loco

191 1369 289 1416 quo
321 1352 566 1400 referendi
608 1354 724 1400 sunt
762 1353 802 1400 d
828 1344 990 1417 (deest
1029 1353 1109 1402 vel
1142 1345 1357 1418 desunt).
1423 1352 1555 1413 quod
1588 1367 1698 1400 cum
1732 1353 1894 1400 oculo-

189 1444 302 1475 rum
334 1443 499 1475 errore
525 1427 764 1489 explicari
789 1430 1018 1489 nequeat,
1050 1428 1211 1475 redire
1238 1427 1455 1475 codicem
1481 1429 1689 1488 apparet
1715 1427 1778 1474 ad
1803 1427 1892 1475 ali-

192 1519 338 1565 quem
368 1502 570 1563 librum‚
602 1502 655 1549 in
689 1518 785 1564 quo
812 1503 974 1550 viceni
1005 1502 1110 1551 seni
1135 1518 1305 1551 versus
1339 1502 1550 1565 singulis
1583 1502 1781 1566 paginis
1815 1518 1894 1550 ex-

190 1576 381 1626 tabant.
446 1577 531 1624 sed
571 1576 623 1624 id
663 1592 761 1624 non
795 1577 856 1624 ad
897 1578 1066 1640 ipsum
1098 1577 1350 1639 exemplar
1381 1578 1630 1638 pertinere
1663 1577 1740 1624 his
1773 1577 1895 1625 locis

189 1652 314 1699 mihi
352 1651 524 1700 videor
564 1651 782 1714 assequi:
823 1652 972 1700 Theb.
1012 1654 1094 1713 10,
1131 1653 1233 1700 923
1271 1653 1320 1699 et
1355 1653 1439 1712 11,
1475 1653 1555 1699 91.
1619 1668 1734 1699 nam
1767 1652 1895 1699 illud

191 1743 392 1789 quoque
424 1726 744 1775 memorabile
769 1729 857 1788 est,
891 1723 1027 1789 quod
1051 1730 1164 1789 post
1202 1729 1283 1787 10,
1304 1728 1405 1774 923
1442 1726 1626 1774 iterum
1658 1727 1895 1791 leguntur

194 1803 276 1862 10,
304 1803 408 1849 902
445 1804 494 1849 et
531 1803 614 1862 10,
641 1803 746 1850 895
788 1829 848 1833 —-
887 1803 1036 1865 atque
1076 1803 1168 1850 hoc
1209 1819 1309 1864 quo
1348 1801 1448 1848 dixi
1483 1801 1654 1849 ordine
1690 1828 1757 1835 -—
1792 1803 1893 1850 suis

189 1876 312 1924 locis
344 1876 475 1924 inter
515 1878 800 1924 contextum
841 1878 1024 1937 omissi,
1065 1877 1146 1925 sed
1183 1878 1273 1924 aut
1304 1876 1366 1923 ab
1399 1878 1508 1939 ipso
1542 1877 1747 1925 librario
1783 1871 1893 1942 (10,

191 1944 323 2016 895)
357 1953 448 1998 aut
487 1967 516 1998 a
556 1953 831 2000 correctore
875 1945 984 2017 (10,
1013 1945 1144 2018 902)
1186 1951 1403 2015 margini
1444 1951 1695 2013 adscripti.
1761 1952 1895 2014 quod

190 2026 260 2074 sic
285 2026 513 2087 expedio:
537 2026 591 2074 in
616 2026 888 2088 exemplari
913 2042 1022 2075 cum
1043 2042 1211 2075 versus
1242 2029 1323 2087 10,
1344 2028 1447 2075 923
1475 2028 1690 2090 paginae
1715 2027 1893 2075 ultimo

188 2116 333 2149 versu
374 2104 502 2149 esset
542 2102 779 2164 scriptus,
821 2101 1003 2149 adiecti
1042 2104 1185 2149 erant
1225 2103 1278 2148 in
1311 2101 1444 2149 calce
1477 2103 1691 2166 paginae
1724 2118 1892 2150 versus

189 2176 360 2224 omissi
395 2178 478 2236 10,
507 2177 611 2225 902
655 2178 704 2223 et
747 2179 830 2237 10,
858 2178 977 2224 895.
1043 2177 1172 2225 unde
1213 2178 1265 2223 in
1299 2176 1472 2224 eadem
1503 2175 1689 2240 pagina
1722 2192 1893 2225 versus

188 2251 450 2299 minimum
477 2266 507 2298 a
537 2254 619 2313 10,
647 2251 754 2298 894
781 2250 844 2298 ad
871 2253 975 2299 923
1010 2253 1040 2299 1.
1068 2252 1180 2315 plus
1206 2252 1422 2300 tricenos
1449 2252 1672 2299 extitisse
1699 2254 1891 2300 certum

190 2327 276 2374 est.
312 2326 542 2374 similiter
565 2327 826 2388 peccatum
852 2328 927 2374 est
951 2327 1002 2374 in
1027 2326 1154 2375 libro
1171 2326 1447 2387 undecimo,
1473 2326 1559 2373 ubi
1575 2328 1690 2388 post
1722 2329 1802 2386 11,
1824 2329 1887 2374 91

189 2402 371 2448 iterum
411 2402 608 2449 exstant
651 2403 734 2462 11,
762 2401 978 2449 56—58
1020 2401 1185 2448 media
1225 2402 1273 2448 in
1316 2401 1501 2466 pagina
1541 2402 1696 2463 ipsius
1730 2401 1891 2464 Lipsi-

189 2476 333 2524 ensis.
380 2475 532 2523 deleti
556 2478 673 2524 sunt
698 2478 864 2523 autem
891 2476 952 2524 ab
986 2477 1095 2538 ipso
1120 2475 1343 2538 librario,
1377 2479 1647 2538 antequam
1671 2476 1890 2524 initiales

189 2550 500 2598 adderentur.
565 2565 693 2613 quae
725 2565 803 2598 res
843 2551 914 2600 sic
950 2550 1143 2599 videtur
1183 2551 1489 2613 explicanda,
1523 2554 1578 2598 ut
1610 2552 1890 2600 statuamus

188 2626 240 2672 in
273 2625 544 2689 exemplari
575 2640 746 2673 versus
783 2628 866 2688 11,
894 2626 959 2673 56
997 2629 1045 2673 et
1074 2629 1156 2686 11,
1185 2628 1249 2674 91
1286 2627 1585 2689 paginarum
1625 2642 1675 2674 36
1710 2627 1890 2687 excipi-

189 2699 379 2747 entium
410 2699 597 2762 primos
629 2699 795 2748 fuisse.
846 2699 975 2762 quod
1009 2700 1050 2749 si
1083 2717 1256 2749 verum
1289 2703 1376 2761 est,
1408 2701 1461 2748 in
1494 2700 1660 2748 codice
1692 2701 1821 2749 unde
1846 2704 1891 2750 L

188 2775 520 2838 transcriptus
561 2777 656 2838 est,
698 2773 910 2839 singulis
952 2774 1147 2839 paginis
1188 2774 1374 2823 XXXV
1412 2775 1514 2823 fere
1545 2791 1716 2823 versus
1750 2778 1891 2823 erant

190 2850 375 2912 scripti.
423 2849 636 2911 denique
669 2849 852 2897 adnoto
876 2851 1068 2898 neumis
1093 2851 1295 2898 notatos
1328 2865 1432 2898 esse
1465 2865 1635 2899 versus
1674 2852 1755 2911 12,
1783 2851 1886 2899 336

188 2924 388 2986 -341,
420 2923 662 2986 quasdam
693 2939 837 2973 voces
871 2925 1021 2972 etiam
1060 2926 1141 2987 12,
1169 2926 1273 2972 327
1317 2927 1367 2972 et
1401 2926 1507 2973 330
1541 2927 1591 2972 et
1625 2926 1746 2972 331.
