2132 3152
687 95 968 139 EDITORIS
1000 94 1342 140 PRAEFATIO
1720 94 1862 139 LXIX

162 240 344 287 Miiller
383 239 590 286 monuit.
646 237 969 285 nihilominus
1009 239 1059 285 et
1096 236 1443 285 Kohlmannus
1484 238 1534 284 et
1566 236 1861 285 Wilkinsius

162 315 382 362 futtilem
414 309 555 360 illam
588 312 853 360 lectionem
877 311 1092 374 amplexi
1125 314 1252 360 sunt.
1316 312 1368 358 in
1409 311 1635 373 sequenti
1668 327 1862 373 quoque

162 403 308 437 versu
331 388 527 451 Vergili
558 387 693 435 loeus
707 379 748 453 1)
783 385 988 448 quidam
1021 401 1194 434 ansam
1228 385 1366 433 dedit
1396 385 1646 434 mutandi:
1675 387 1864 446 yelidas

164 503 173 511 .
202 503 210 511 .
240 503 248 511 .
282 464 349 510 act
380 465 537 511 arctos
570 478 638 509 w:
666 461 856 522 yetidas
883 499 890 507 .
920 501 927 508 .
957 500 965 508 .
991 462 1044 508 in
1075 462 1238 508 undas
1270 453 1365 527 (sio
1390 454 1478 527 Pl)
1513 461 1688 522 procul
1713 461 1862 509 dubio

163 554 335 586 verum
367 539 452 585 est.
517 537 669 584 etiam
704 537 750 596 2,
778 538 806 583 9
843 536 1105 584 transabiit
1143 537 1363 582 animam
1394 535 1552 583 multo
1587 536 1863 600 elegantius

162 613 349 660 dietum
381 613 456 659 est
490 627 638 673 quam
674 610 806 672 quod
836 626 1006 658 rursus
1031 610 1225 674 Vergili
1257 609 1538 658 imitatione
1551 603 1592 675 2’)
1626 612 1679 657 in
1712 630 1756 658 ω
1790 611 1863 657 in-

161 688 339 748 repsit:
379 686 640 733 transabiit
678 689 845 733 cestas.
908 687 1165 747 praeterea
1207 685 1266 732 ef.
1301 686 1348 746 4,
1379 685 1444 732 16
1488 687 1537 732 et
1579 685 1627 745 5,
1656 685 1721 732 13
1766 701 1863 746 quo

163 762 271 810 loeo
298 753 574 827 Vollmerss)
609 759 874 823 genuinam
908 759 1169 808 lectionem
1200 761 1455 807 revocavit
1479 774 1571 818 quo
1603 760 1713 818 fera
1744 762 1867 820 coysit

159 837 346 896 hiemps
394 835 656 883 exturbata
704 836 989 883 imitatione
1021 827 1369 900 Vergiliana4)
1420 848 1528 882 cam
1576 836 1685 895 fera
1724 837 1866 894 ponit

159 911 344 970 hiemps
377 903 470 977 (sic
503 903 587 976 ω).

275 984 450 1032 deinde
488 986 541 1031 in
582 1003 627 1031 ω
669 986 925 1046 peecatum
969 986 1044 1032 est
1083 984 1256 1032 eadem
1294 986 1489 1033 ratione
1531 1001 1632 1048 qua
1670 987 1865 1048 peccari

162 1059 290 1108 solet
320 1059 374 1107 in
397 1058 784 1107 transcribendis
817 1058 971 1107 libris.
1020 1073 1141 1107 nam
1165 1062 1364 1121 praeter
1387 1061 1645 1109 oculorum
1678 1059 1865 1110 errores

161 1135 325 1181 mente
361 1149 555 1196 quoque
587 1136 846 1196 peceatum
879 1135 954 1182 est
987 1149 1042 1181 eo
1077 1134 1209 1195 quod
1249 1149 1527 1196 synonyma
1558 1136 1640 1184 vel
1671 1136 1865 1184 vicinae

162 1209 390 1256 notiones
429 1224 521 1270 pro
554 1210 784 1271 genuinis
817 1208 1024 1257 vocibus
1057 1209 1503 1271 substituebantur,
1537 1226 1575 1258 e.
1602 1227 1647 1274 g.
1685 1213 1730 1271 2,
1760 1212 1862 1259 126

163 1275 368 1343 eripitur
405 1287 471 1331 P:
513 1285 715 1344 eriyitur
754 1301 814 1330 ω.
895 1286 943 1345 3,
972 1285 1036 1331 73
1076 1286 1223 1344 yestis
1262 1288 1329 1332 P:
1364 1286 1530 1346 yliscis
1571 1304 1631 1333 ω.
1712 1288 1759 1347 3,
1795 1287 1861 1334 88

162 1355 452 1405 Absciderat
489 1362 553 1405 P:
594 1355 879 1406 Abstulerat
917 1378 977 1406 ω.
1066 1359 1247 1420 3,130
1287 1361 1455 1420 riyant
1491 1364 1556 1408 P:
1595 1361 1780 1421 replent
1819 1380 1863 1408 ω

163 1431 362 1494 aliaque
387 1433 570 1492 multa,
604 1448 908 1495 quamquam
939 1449 1000 1481 ne
1024 1437 1066 1481 P
1101 1433 1301 1495 quidem
1335 1450 1364 1482 a
1395 1434 1584 1482 talibus
1618 1436 1864 1484 erroribus

161 1506 398 1556 immunis
423 1509 512 1567 est,
546 1523 584 1554 e.
611 1524 656 1571 g.
683 1508 742 1555 of.
774 1511 818 1569 1,
841 1509 944 1555 572
981 1510 1139 1556 saevi-s
1165 1525 1232 1556 w:
1265 1512 1460 1557 maestis
1491 1514 1533 1557 P
1567 1510 1654 1557 ubi
1686 1511 1863 1559 fortius

161 1580 458 1629 vocabulum
505 1581 773 1630 desiderari
820 1584 1085 1644 praecipue
1139 1586 1346 1646 propter
1395 1584 1650 1633 notionem
1698 1601 1865 1634 amens

163 1653 434 1718 Garrodius
460 1658 593 1704 recte
619 1658 796 1716 sensit3
826 1658 873 1718 9,
893 1659 922 1705 9
963 1657 1196 1706 Cadmeia
1213 1659 1371 1719 pubes
1395 1676 1462 1707 w:
1499 1659 1733 1708 Cadmeia
1748 1675 1865 1721 pro-

161 1730 229 1778 les
260 1734 303 1778 P
345 1732 518 1778 contra
559 1731 691 1779 Stati
730 1746 888 1792 usum,
929 1733 1017 1794 qui
1055 1747 1173 1781 voce
1206 1735 1372 1793 proles
1410 1733 1508 1782 nisi
1544 1734 1603 1782 de
1643 1735 1867 1783 naturali

162 1806 458 1868 cognatione
499 1821 599 1853 non
646 1807 820 1854 utitur.
891 1806 1024 1855 haud
1064 1823 1178 1856 raro
1221 1808 1373 1857 etiam
1414 1809 1677 1857 verborum
1717 1810 1866 1859 eollo-

163 1881 408 1928 cationem
442 1881 643 1942 proprio
669 1881 828 1928 Marte
861 1881 1149 1930 immutavit
1180 1882 1222 1929 is
1256 1899 1285 1930 a
1319 1883 1455 1931 euius
1489 1900 1640 1947 opera
1673 1884 1863 1933 codices

162 1973 209 2000 (υ
241 1954 471 2016 pendent.
535 1970 727 2018 semper
758 1956 809 2002 in
843 1956 936 2004 hae
966 1972 1018 2004 re
1052 1957 1250 2005 videtur
1280 1960 1534 2020 praestare
1566 1963 1621 2007 P.

273 2029 504 2091 plurimis
531 2031 697 2078 autem
730 2030 851 2078 loeis
885 2030 1217 2080 difficiliorem
1242 2049 1393 2094 quam
1417 2037 1460 2081 P
1493 2034 1699 2095 praebet
1725 2034 1864 2083 lec-ti-

161 2119 321 2163 onem,
347 2122 392 2150 ω
424 2105 477 2150 in
502 2105 760 2168 vulgarem
786 2120 843 2152 ac
866 2105 1041 2153 tritam
1066 2106 1418 2169 pessumdedit.
1462 2110 1523 2156 of.
1558 2125 1595 2155 e.
1615 2127 1660 2173 g.
1690 2112 1736 2170 3,
1756 2111 1862 2158 412

161 2177 251 2224 ubi
283 2193 396 2226 eum
427 2179 602 2227 calidis
635 2179 766 2241 quod
791 2180 978 2242 optime
1004 2180 1193 2229 dictum
1218 2184 1306 2243 est,
1338 2198 1438 2230 non
1469 2183 1863 2247 intellegeretur,

160 2252 308 2299 inane
342 2255 495 2314 atque
527 2254 753 2315 ineptum
777 2253 1078 2303 attributum
1110 2259 1261 2304 roseis
1293 2257 1619 2307 substitutum
1653 2261 1739 2308 est.
1790 2275 1862 2307 er-

160 2342 294 2374 rores
336 2330 501 2375 autem
542 2343 566 2374 e
609 2329 888 2377 minuscula
928 2329 1175 2392 scriptura
1217 2332 1475 2393 repetendi
1524 2348 1622 2380 non
1667 2336 1863 2381 exstant

161 2415 445 2450 communes
478 2403 531 2449 in
564 2406 606 2450 P
640 2404 689 2450 et
721 2395 828 2470 w.⁵)

284 2515 323 2568 1)
357 2514 471 2557 Aen.
500 2519 540 2569 6,
568 2519 621 2557 16
653 2515 829 2571 yelidas
862 2550 870 2559 .
899 2550 908 2559 .
936 2551 944 2560 .
979 2518 1041 2561 ad
1073 2518 1249 2562 Arctos.

282 2574 324 2629 2)
360 2573 416 2616 ef.
453 2573 565 2617 Aen.
595 2578 633 2625 9,
653 2578 738 2617 432
772 2576 890 2619 ensis
1026 2578 1275 2622 transabiit
1306 2584 1463 2623 costas.

281 2634 324 2689 3)
357 2632 524 2677 Rhein.
550 2633 667 2676 Mus.
695 2638 748 2677 51
783 2635 948 2692 (1896),
983 2651 1026 2693 p.
1047 2641 1117 2680 29.

279 2694 327 2744 4)
359 2691 415 2735 cf.
451 2692 565 2737 Aen.
594 2697 632 2746 7,
653 2697 723 2736 23.
760 2698 827 2747 10,
850 2699 947 2738 103.

281 2753 325 2807 5)
357 2753 482 2795 errat
515 2752 573 2796 de
604 2753 692 2796 hac
723 2766 772 2797 re
806 2752 1058 2799 Gari-odius
1091 2756 1236 2813 praef.
1264 2772 1307 2813 p.
1335 2757 1417 2801 VI:
1459 2772 1579 2814 quae
1611 2758 1721 2802 inde
1755 2774 1861 2804 eon-

161 2808 316 2864 elusit,
347 2810 528 2855 futtilia
560 2815 679 2856 sunt.
729 2811 888 2869 itaque
913 2828 998 2858 nec
1030 2815 1154 2870 quod
1182 2816 1238 2859 de
1264 2817 1520 2874 archetypo
1553 2819 1761 2862 omnium
1786 2834 1861 2864 eo-

163 2868 320 2913 dioum
345 2872 392 2914 et
416 2875 448 2913 P
474 2873 520 2914 et
537 2886 583 2915 ω
610 2871 795 2915 saeculo
821 2872 919 2918 fere
945 2876 1108 2919 octavo
1135 2876 1310 2932 scripto
1335 2890 1419 2921 nec
1445 2878 1570 2933 quod
1596 2879 1652 2922 de
1679 2879 1858 2936 duplici

161 2927 415 2973 Thebaidis
434 2930 641 2975 editione
658 2931 856 2988 protulit
881 2934 1054 2978 abusus
1072 2934 1215 2980 Theb.
1246 2941 1315 2991 12,
1333 2940 1418 2980 812
1438 2951 1505 2992 sq.
1541 2937 1648 2981 Silv.
1668 2944 1693 2982 4
1711 2939 1858 2995 praef.
