2132 3152
735 100 1079 150 THEBAIDOS
1112 105 1222 150 LIB.
1250 105 1281 149 Ι,
1826 103 1859 155 5

164 265 319 317 saepe
360 246 462 299 tuli
500 249 762 314 natosque
803 243 917 309 tibi,
958 243 1059 294 scis
1100 242 1231 311 ipsa,
1270 241 1470 311 paravi,
1806 253 1860 292 70

161 340 289 375 mox
328 321 515 373 avidus
555 336 759 389 poenae
800 317 984 388 digitis
1026 316 1370 369 caedentibus
1410 315 1554 368 ultro

160 396 383 449 incubui
421 396 722 463 miseraque
763 393 948 445 oculos
988 392 1044 443 in
1083 394 1254 443 matre
1289 390 1509 459 ¹reliqui:

161 470 367 538 exaudi,
407 470 452 523 si
492 469 655 540 digna
693 485 882 537 precor
922 478 1163 535 quaeque
1202 466 1321 535 ipsa
1360 465 1563 517 furenti

162 545 447 598 subicereS.
525 543 718 596 orbum
760 543 879 594 visu
919 542 1204 611 regnisque
1245 543 1513 593 carentem

159 638 269 673 non
308 637 491 690 regere
530 622 624 671 aut
664 617 823 670 dictis
864 618 1189 668 maerentem
1229 615 1444 669 flectere
1485 613 1677 682 adorti,
1807 626 1861 665 75

162 712 299 763 quos
340 695 502 764 genui
542 709 882 761 quocumque
922 692 1066 760 toro;
1107 689 1238 758 quin
1278 708 1398 744 ecce
1440 688 1661 758 superbi

161 801 231 806 —
264 786 363 838 pro
398 767 574 821 dolor!
616 798 685 804 ——
727 770 779 819 et
811 768 997 818 nostro
1032 764 1343 816 iamdudum
1383 764 1439 816 in
1478 763 1666 816 funere
1705 780 1861 833 reges

158 843 422 896 insultant
461 841 698 895 tenebris
740 841 1079 912 gemitusque
1121 840 1280 892 odere
1320 842 1587 907 paternos,

159 918 313 970 hisne
354 918 516 970 etiam
556 917 802 969 funestus
843 915 985 986 ego?
1034 916 1088 966 et
1126 914 1272 966 videt
1310 915 1414 966 ista
1453 914 1674 965 deorum

159 993 385 1063 ignavus
426 991 676 1063 genitor?
715 994 779 1043 tu
818 991 1009 1043 saltem
1049 988 1230 1041 debita
1269 989 1463 1041 vindex
1805 998 1861 1038 80

159 1066 267 1120 huc
306 1067 429 1120 ades
470 1070 524 1118 et
562 1068 708 1119 totos
749 1066 806 1117 in
844 1082 1073 1134 poenam
1117 1063 1292 1116 ordire
1330 1065 1570 1132 nepotes.

159 1141 320 1195 indue
361 1141 505 1211 quod
544 1140 820 1193 madidum
859 1139 987 1191 tabo
1029 1138 1273 1190 diadema
1313 1138 1548 1193 cruentis

159 1216 434 1288 unguibus
475 1216 704 1290 abripui,
742 1215 992 1282 votisque
1033 1214 1289 1267 instincta
1326 1213 1564 1282 paternis

158 1291 178 1343 i
217 1291 393 1344 media
432 1291 488 1343 in
527 1291 737 1358 fratreS,
778 1289 985 1360 generis
1026 1288 1296 1341 consortia
1335 1288 1478 1340 ferro

161 1366 441 1418 dissiliant.
521 1366 600 1434 da,
641 1364 881 1417 Tartarei
920 1364 1106 1434 regina
1145 1363 1401 1432 barathri,
1807 1373 1863 1413 85

162 1441 309 1510 quod
349 1440 563 1510 cupiam
603 1440 802 1492 vidisse
840 1438 1007 1507 nefas,
1045 1455 1143 1489 nec
1182 1437 1335 1490 tarda
1375 1439 1629 1505 sequetur

159 1533 311 1567 mens
345 1515 620 1584 iuvenum3
654 1514 830 1582 modo,
865 1513 1043 1583 digna,
1076 1513 1212 1581 veni,
1245 1530 1362 1564 mea
1386 1511 1615 1582 pignora
1638 1509 1862 1563 nosces?

282 1711 336 1749 74
370 1710 419 1749 Σ
459 1711 496 1760 1,
530 1709 585 1749 56
634 1705 798 1748 orbum
832 1739 840 1748 .
874 1740 880 1748 .
917 1706 1156 1761 parentem
1198 1705 1312 1760 (car-
1345 1703 1417 1760 Pb)
1571 1707 1628 1747 80
1667 1702 1778 1747 ibid.
1811 1703 1865 1746 tu

81 1756 94 1776 ⁹
160 1766 329 1810 saltem
356 1801 363 1810 .
386 1802 394 1809 .
421 1766 531 1809 ades
565 1778 603 1808 e.
629 1767 662 1808 t.
687 1765 716 1808 i.
743 1780 787 1820 p.
814 1778 854 1808 o.
880 1779 925 1809 n.
1056 1767 1108 1806 81
1146 1764 1264 1808 Serv.
1299 1763 1413 1806 Aen.
1443 1767 1481 1816 1,
1512 1766 1594 1806 185
1636 1763 1707 1819 (de
1746 1768 1865 1807 totus

160 1831 202 1871 et
232 1827 394 1883 omnis)
429 1825 608 1869 Statius
642 1827 690 1868 et
721 1825 845 1868 totos
998 1825 1209 1879 nepotes,
1241 1822 1291 1866 id
1325 1825 1395 1866 est
1428 1835 1587 1866 omnes

283 2015 593 2116 70'{atosque
627 2054 685 2105 (s-
704 2051 739 2103 Ῥ)
788 2047 843 2090 Pl
949 2047 1040 2091 tibi
1085 2050 1140 2091 ut
1188 2046 1277 2091 scis
1326 2053 1354 2090 c
1502 2051 1554 2090 71
1599 2046 1762 2090 avidus
1796 2061 1862 2090 ωε

162 2119 340 2194 abdens
372 2139 447 2182 Pl:
475 2118 623 2181 addus
655 2136 707 2180 b1
846 2142 898 2179 72
924 2137 1186 2193 miseraque
1211 2141 1320 2180 Pw:
1351 2151 1516 2192 -osque
1545 2136 1806 2181 Garrodius

161 2201 312 2242 matre
343 2203 452 2242 Pw:
501 2199 658 2241 mente
692 2211 718 2245 ς
759 2198 1019 2242 Bentleius:
1062 2199 1211 2240 morte
1246 2197 1560 2254 Peyraredus;
1591 2197 1648 2251 cf.
1683 2195 1794 2240 Silv.
1818 2198 1863 2249 2,

163 2263 204 2312 1,
223 2262 312 2302 152
406 2262 461 2301 74
488 2260 724 2301 carentem
749 2255 1048 2311 PLc²ptr²Z
1076 2257 1139 2301 ad
1171 2260 1212 2309 1,
1232 2260 1311 2300 56:
1345 2258 1591 2312 parentem
1617 2254 1739 2299 ωΣ1
1773 2255 1865 2311 (sed

160 2318 341 2362 videtur
371 2318 599 2373 emplieare
623 2318 740 2373 car-)
836 2321 887 2359 77
922 2317 971 2370 in
995 2316 1157 2360 funere
1182 2320 1253 2358 Pr:
1280 2316 1329 2359 in
1353 2315 1515 2359 funere
1542 2330 1590 2364 5:
1616 2315 1777 2358 funere
1804 2330 1863 2359 ω.

161 2391 336 2422 versum
376 2392 477 2421 eum
509 2377 560 2420 in
591 2391 674 2420 suo
706 2377 874 2432 optimo
906 2376 1055 2421 codice
1086 2375 1264 2430 deesset,
1298 2376 1446 2420 omitti
1469 2389 1604 2432 posse
1636 2375 1866 2420 Barthius

163 2438 286 2481 dimit
311 2438 535 2492 probatus
558 2436 877 2490 Lachmanno,
909 2435 967 2490 cf.
997 2437 1122 2480 Mus.
1151 2435 1296 2479 Rhem.
1325 2439 1385 2479 59
1412 2436 1572 2491 (1904)
1603 2449 1650 2491 p.
1678 2438 1771 2478 380

163 2501 220 2541 80
252 2497 367 2553 tu}
399 2501 427 2538 G
546 2500 599 2539 81
634 2509 835 2551 poenam
866 2495 916 2539 in
949 2498 1073 2540 totos
1106 2495 1223 2539 coni.
1258 2495 1495 2539 Baehrens
1504 2513 1519 2549 ;
1550 2495 1628 2539 secl
1660 2495 1783 2538 totos
1815 2492 1865 2536 in

161 2557 280 2601 valet
310 2556 360 2599 in
390 2557 516 2599 totos
579 2555 732 2598 ordire
765 2569 820 2599 ex
852 2570 929 2598 -ne
956 2554 1005 2598 b1
1065 2557 1261 2621 nepotes
1285 2559 1387 2599 Pw:
1420 2556 1615 2611 penates
1644 2568 1670 2602 ς
1704 2554 1865 2598 Koest-

163 2645 309 2690 linius
401 2649 456 2689 83
490 2643 677 2700 abripui
701 2649 792 2692 Ρςε
826 2643 995 2701 abrupi
1020 2659 1066 2688 ω
1140 2624 1372 2698 instfficta
1390 2643 1447 2692 Q?
1539 2647 1594 2686 85
1629 2630 1867 2686 dissiliant

163 2709 272 2749 Pw:
306 2704 444 2747 multi
477 2704 724 2748 dissiciant
755 2703 920 2761 legunt
943 2708 994 2748 Σ
1051 2704 1281 2761 tartaregi
1307 2705 1395 2761 (-g-
1421 2704 1502 2747 del.
1530 2702 1602 2760 L1)
1634 2707 1667 2745 1.
1728 2702 1866 2746 bara-

163 2764 225 2807 tri
257 2769 289 2806 P
423 2768 478 2807 86
513 2766 734 2819 sequetur
763 2778 819 2808 ex
848 2764 963 2807 —itur
994 2762 1049 2806 1.“
1172 2767 1226 2806 87
1252 2764 1391 2807 modo
1432 2763 1576 2820 digna
1614 2762 1723 2806 veni
1761 2776 1866 2804 mea

163 2824 363 2882 pignora
393 2837 556 2868 nosces
587 2828 696 2867 Pw:
737 2836 843 2866 mea
875 2823 1041 2881 digna,
1081 2823 1188 2867 veni
1220 2822 1382 2875 modo,
1407 2837 1450 2879 p.
1477 2837 1521 2866 n.
1557 2836 1584 2871 ς
1616 2822 1865 2875 Baehrens,

164 2897 266 2927 cwm
303 2884 584 2941 hyperbaton
623 2896 716 2926 non
757 2889 1024 2940 aynosceret.
1102 2883 1260 2927 multis
1306 2883 1575 2927 coniecturis
1621 2883 1866 2927 inutilibus

165 2943 289 2987 locus
319 2948 562 2999 temptatus
