2020 3068
477 594 930 662 EDITORIS
972 593 1520 661 PRAEFATIO

253 731 418 780 Silvas
459 735 611 794 atque
650 731 981 780 Achilleidem
1025 733 1290 794 postquam
1331 732 1504 793 paucis
1545 733 1662 780 ante
1701 731 1846 780 annis

139 809 491 867 recensuimus,
522 806 748 855 restabat
778 823 956 855 munus
981 807 1141 854 multo
1168 805 1424 854 difficilius
1451 808 1603 869 atque
1629 807 1844 869 amplius

141 881 408 930 Thebaidis
442 881 674 929 edendae.
715 897 833 929 nam
856 882 908 928 in
935 881 1086 929 Silvis
1110 897 1209 929 uno
1236 880 1402 928 codice
1428 883 1716 929 contentum
1741 897 1845 930 esse

138 956 296 1019 licuit,
328 957 378 1003 in
412 955 689 1004 Achilleide
721 956 908 1018 paucis.
966 958 1019 1005 at
1051 957 1198 1020 longe
1238 956 1387 1004 aliter
1417 971 1495 1003 res
1528 971 1578 1004 se
1610 956 1762 1005 habet
1791 957 1845 1004 in

139 1031 405 1079 Thebaide.
447 1047 575 1093 quae
609 1047 722 1078 cum
754 1031 869 1079 inde
903 1047 933 1079 a
965 1032 1154 1079 decimo
1185 1031 1382 1078 saeculo
1417 1046 1572 1093 usque
1605 1031 1670 1078 ad
1701 1030 1843 1093 quin-

137 1107 246 1153 tum
278 1105 523 1154 decimum
555 1106 843 1168 saepissime
868 1106 1172 1168 transcripta
1199 1105 1278 1167 sit,
1311 1105 1516 1166 plurimi
1543 1107 1648 1154 eius
1681 1107 1845 1168 operis

139 1181 329 1228 codices
363 1183 580 1229 aetatem
611 1181 848 1229 tulerunt.
899 1198 957 1229 ex
989 1181 1066 1229 his
1100 1180 1185 1244 qui
1217 1180 1341 1228 mihi
1371 1181 1701 1229 innotuerunt
1734 1182 1842 1243 qui-

137 1255 325 1318 busque
358 1272 475 1304 usus
507 1258 702 1304 textum
730 1257 981 1317 constitui,
1013 1257 1174 1319 primo
1201 1255 1363 1318 capite
1395 1254 1683 1304 describam.
1730 1256 1845 1304 dein

138 1346 249 1378 cum
280 1333 333 1378 in
366 1331 488 1380 duas
522 1330 717 1379 aberint
747 1331 927 1393 stirpes
961 1324 1028 1398 (P
1052 1333 1102 1378 et
1128 1323 1198 1397 w)
1239 1330 1429 1379 codices
1463 1330 1752 1392 Thebaidis,
1786 1330 1844 1379 de

138 1405 359 1454 codicum
386 1406 546 1453 altera
571 1406 726 1467 stirpe
753 1425 798 1454 ω
825 1422 988 1469 agam,
1011 1407 1162 1454 tertio
1189 1406 1353 1468 capite
1386 1421 1512 1468 quae
1536 1407 1667 1454 ratio
1691 1407 1843 1454 inter-

138 1480 282 1528 cedat
313 1480 444 1528 inter
466 1481 595 1528 hanc
626 1481 833 1543 stirpem
859 1484 908 1528 et
932 1480 1241 1529 Puteaneum
1273 1479 1613 1542 quaerendum
1641 1482 1750 1528 erit.
1790 1482 1843 1528 in

138 1555 270 1603 calce
291 1555 617 1618 praefationis
638 1557 841 1603 nomina
860 1571 1044 1617 eorum,
1067 1555 1155 1618 qui
1174 1555 1227 1602 in
1250 1556 1498 1618 apparatu
1518 1557 1690 1604 critico
1712 1571 1840 1604 com-

137 1630 556 1692 memorabuntur,
581 1632 631 1678 te
658 1647 755 1692 quo
783 1630 993 1692 quisque
1017 1631 1127 1679 loco
1160 1646 1251 1678 sua
1283 1626 1565 1692 protuleiit,
1595 1629 1840 1679 indicabo.

670 1818 938 1872 CAPVT
978 1819 1311 1874 PRIMVM

488 1907 611 1951 Stati
642 1907 896 1952 Thebaidis
930 1908 1113 1952 codices
1148 1908 1489 1953 describuntur.

249 2035 519 2084 permagno
553 2035 610 2067 ex
642 2035 846 2068 numero
873 2019 1096 2068 codicum
1131 2020 1310 2082 quibus
1345 2020 1478 2069 Stati
1504 2020 1716 2070 Thebais
1741 2022 1840 2069 tra-

138 2093 244 2141 dita
275 2095 363 2156 est,
395 2094 754 2143 recentioribus
795 2095 1000 2143 abiectis
1032 2123 1105 2128 —-
1138 2111 1237 2143 non
1271 2096 1401 2143 enim
1433 2094 1673 2144 utilitatis
1707 2095 1841 2158 quic-

138 2185 285 2230 quam
310 2168 424 2216 inde
449 2169 696 2216 redundat
707 2162 749 2235 ¹)
773 2197 834 2202 —
856 2170 946 2218 hos
979 2170 1215 2218 adhibere
1248 2172 1391 2233 potui
1424 2171 1487 2218 ad
1511 2173 1703 2218 textum
1729 2186 1841 2218 con-

138 2244 460 2304 stituendum,
487 2245 573 2306 qui
598 2246 685 2291 aut
708 2243 807 2306 ipsi
830 2244 955 2292 mihi
978 2247 1180 2307 praesto
1205 2246 1408 2293 fuerunt
1433 2247 1520 2294 aut
1545 2261 1602 2292 ex
1627 2245 1842 2293 aliorum

138 2318 418 2367 conlatione
449 2319 793 2367 innotuerunt:

258 2477 299 2532 1)
326 2475 382 2519 cf.
418 2490 536 2531 quae
570 2490 655 2532 ego
689 2475 942 2532 disputavi,
975 2476 1057 2520 ubi
1090 2477 1148 2521 de
1173 2476 1443 2521 Barthianis
1469 2476 1709 2521 codicibus
1742 2476 1839 2534 egi:

136 2534 302 2578 Rhein.
322 2535 437 2580 Mus.
459 2540 514 2579 59
533 2538 683 2592 (1904)
710 2552 754 2593 p.
775 2540 860 2580 383
879 2551 946 2592 sq.
1012 2536 1252 2580 codicibus
1285 2537 1353 2580 ibi
1386 2536 1670 2581 enumeratis
1704 2537 1842 2579 Dres-

138 2594 301 2638 denses
334 2596 451 2640 duos
485 2595 560 2652 (cf.
594 2595 834 2651 Manitius,
860 2596 1026 2640 Rhein.
1053 2596 1172 2641 Mus.
1199 2601 1270 2651 59,
1300 2602 1428 2651 1904,
1461 2612 1507 2653 p.
1535 2601 1620 2640 588
1639 2598 1725 2653 sq.)
1759 2596 1839 2640 ad-

138 2653 237 2697 didi
254 2654 410 2699 Herm.
429 2659 486 2699 40
506 2658 655 2712 (1905)
674 2671 718 2711 p.
739 2660 838 2699 353.
903 2657 1132 2700 accedunt
1157 2656 1268 2700 libri
1295 2656 1579 2700 Genavensis
1606 2660 1679 2709 96,
1702 2671 1841 2712 quem

139 2726 258 2757 anno
293 2719 407 2758 1905
433 2714 629 2771 inspexi,
664 2718 712 2759 et
736 2715 936 2760 Medicei
967 2715 1090 2759 Plut.
1111 2721 1181 2771 38,
1199 2721 1241 2760 4.
1268 2720 1339 2771 38,
1359 2721 1399 2761 5.
1428 2721 1498 2772 38,
1520 2721 1541 2759 7
1577 2715 1697 2760 Flor.
1725 2715 1839 2760 bibl.

138 2773 279 2817 aedit.
300 2779 399 2830 197,
419 2789 534 2831 quos
553 2777 777 2830 sequente
796 2789 917 2820 anno
936 2775 1214 2831 examinavi,
1241 2778 1486 2832 praeterea
1502 2775 1839 2820 Escorialensis

137 2831 301 2887 111f2‚
342 2835 473 2878 cuius
514 2833 739 2878 lectiones
780 2849 873 2878 non
905 2835 1060 2879 nullas
1096 2836 1432 2893 benignissime
1472 2835 1590 2879 mihi
1631 2835 1842 2879 enotavit

137 2890 364 2938 Ricardus
396 2894 627 2950 Laquem,
661 2908 764 2937 cum
796 2909 903 2939 vere
936 2895 1047 2939 anni
1084 2899 1195 2939 1907
1230 2896 1279 2939 111
1304 2894 1536 2952 Hispania
1559 2897 1838 2940 versaretur.
