<?xml version="1.0" encoding="UTF-8"?>
<!DOCTYPE html PUBLIC "-//W3C//DTD XHTML 1.0 Transitional//EN"
    "http://www.w3.org/TR/xhtml1/DTD/xhtml1-transitional.dtd">
<html xmlns="http://www.w3.org/1999/xhtml" xml:lang="en" lang="en">
 <head>
  <title>
</title>
<meta http-equiv="Content-Type" content="text/html;charset=utf-8" />
  <meta name='ocr-system' content='tesseract 3.04.00' />
  <meta name='ocr-capabilities' content='ocr_page ocr_carea ocr_par ocr_line ocrx_word'/>
</head>
<body>
  <div class='ocr_page' id='page_1' title='image "./ppapinistatitheb00statuoft_0072.png"; bbox 0 0 2132 3152; ppageno 0'>
   <div class='ocr_carea' id='block_1_1' title="bbox 496 59 531 67">
    <p class='ocr_par' dir='ltr' id='par_1_1' title="bbox 496 59 531 67">
     <span class='ocr_line' id='line_1_1' title="bbox 496 59 531 67; baseline 0 0"><span class='ocrx_word' id='word_1_1' title='bbox 496 59 531 67; x_wconf 36' lang='grc' dir='ltr'>κ</span> 
     </span>
    </p>
   </div>
   <div class='ocr_carea' id='block_1_2' title="bbox 285 106 1454 153">
    <p class='ocr_par' dir='ltr' id='par_1_2' title="bbox 285 106 1454 153">
     <span class='ocr_line' id='line_1_2' title="bbox 285 106 1454 153; baseline 0.003 -4"><span class='ocrx_word' id='word_1_2' title='bbox 285 106 472 151; x_wconf 88' lang='lat' dir='ltr'><strong>LXVIII</strong></span> <span class='ocrx_word' id='word_1_3' title='bbox 802 107 1080 151; x_wconf 81' lang='lat' dir='ltr'><strong>EDITORIS</strong></span> <span class='ocrx_word' id='word_1_4' title='bbox 1113 107 1454 153; x_wconf 83' lang='lat' dir='ltr'><strong>PRAEFATIO</strong></span> 
     </span>
    </p>
   </div>
   <div class='ocr_carea' id='block_1_3' title="bbox 283 248 1970 349">
    <p class='ocr_par' dir='ltr' id='par_1_3' title="bbox 283 248 1970 349">
     <span class='ocr_line' id='line_1_3' title="bbox 283 248 1970 315; baseline 0.004 -20"><span class='ocrx_word' id='word_1_5' title='bbox 283 249 552 296; x_wconf 88' lang='lat' dir='ltr'>mutaverit</span> <span class='ocrx_word' id='word_1_6' title='bbox 582 276 656 281; x_wconf 87' lang='lat'><em>-</em></span> <span class='ocrx_word' id='word_1_7' title='bbox 686 265 838 295; x_wconf 91' lang='lat' dir='ltr'>unum</span> <span class='ocrx_word' id='word_1_8' title='bbox 872 248 1021 295; x_wconf 88' lang='lat' dir='ltr'>affero</span> <span class='ocrx_word' id='word_1_9' title='bbox 1062 250 1337 311; x_wconf 89' lang='lat' dir='ltr'>exemplum</span> <span class='ocrx_word' id='word_1_10' title='bbox 1370 250 1421 296; x_wconf 87' lang='lat' dir='ltr'>in</span> <span class='ocrx_word' id='word_1_11' title='bbox 1452 267 1505 298; x_wconf 90' lang='lat' dir='ltr'>re</span> <span class='ocrx_word' id='word_1_12' title='bbox 1537 252 1760 300; x_wconf 85' lang='lat' dir='ltr'>confessa</span> <span class='ocrx_word' id='word_1_13' title='bbox 1794 253 1841 315; x_wconf 83' lang='lat'>5,</span> <span class='ocrx_word' id='word_1_14' title='bbox 1869 255 1970 302; x_wconf 35' lang='lat'>73⁷1</span> 
     </span>
     <span class='ocr_line' id='line_1_4' title="bbox 352 319 497 349; baseline 0 0"><span class='ocrx_word' id='word_1_15' title='bbox 352 319 497 349; x_wconf 71' lang='lat' dir='ltr'>oeclides</span> 
     </span>
    </p>
   </div>
   <div class='ocr_carea' id='block_1_4' title="bbox 274 361 1974 2729">
    <p class='ocr_par' dir='ltr' id='par_1_4' title="bbox 282 361 1974 727">
     <span class='ocr_line' id='line_1_5' title="bbox 284 361 1974 435; baseline 0.003 -21"><span class='ocrx_word' id='word_1_16' title='bbox 284 369 558 426; x_wconf 70' lang='lat' dir='ltr'>amfiaraus</span> <span class='ocrx_word' id='word_1_17' title='bbox 582 361 648 414; x_wconf 74' lang='lat' dir='ltr'>Pl</span> <span class='ocrx_word' id='word_1_18' title='bbox 679 393 766 425; x_wconf 90' lang='lat'>-—,</span> <span class='ocrx_word' id='word_1_19' title='bbox 799 370 1007 429; x_wconf 86' lang='lat' dir='ltr'>apparet</span> <span class='ocrx_word' id='word_1_20' title='bbox 1037 369 1091 414; x_wconf 89' lang='lat' dir='ltr'>in</span> <span class='ocrx_word' id='word_1_21' title='bbox 1122 369 1390 430; x_wconf 89' lang='lat' dir='ltr'>exemplari</span> <span class='ocrx_word' id='word_1_22' title='bbox 1422 369 1602 418; x_wconf 89' lang='lat' dir='ltr'>codicis</span> <span class='ocrx_word' id='word_1_23' title='bbox 1634 374 1676 417; x_wconf 99' lang='lat' dir='ltr'>P</span> <span class='ocrx_word' id='word_1_24' title='bbox 1711 387 1735 417; x_wconf 91' lang='lat' dir='ltr'>e</span> <span class='ocrx_word' id='word_1_25' title='bbox 1768 371 1974 435; x_wconf 86' lang='lat' dir='ltr'>vulgata</span> 
     </span>
     <span class='ocr_line' id='line_1_6' title="bbox 284 440 1973 507; baseline 0.003 -19"><span class='ocrx_word' id='word_1_26' title='bbox 284 441 448 490; x_wconf 84' lang='lat' dir='ltr'>varias</span> <span class='ocrx_word' id='word_1_27' title='bbox 488 442 723 489; x_wconf 88' lang='lat' dir='ltr'>lectiones</span> <span class='ocrx_word' id='word_1_28' title='bbox 766 440 961 488; x_wconf 87' lang='lat' dir='ltr'>additas</span> <span class='ocrx_word' id='word_1_29' title='bbox 1001 442 1168 489; x_wconf 90' lang='lat' dir='ltr'>fuisse.</span> <span class='ocrx_word' id='word_1_30' title='bbox 1231 443 1402 504; x_wconf 87' lang='lat' dir='ltr'>itaque</span> <span class='ocrx_word' id='word_1_31' title='bbox 1435 445 1484 491; x_wconf 86' lang='lat' dir='ltr'>et</span> <span class='ocrx_word' id='word_1_32' title='bbox 1515 444 1722 507; x_wconf 88' lang='lat' dir='ltr'>vulgata</span> <span class='ocrx_word' id='word_1_33' title='bbox 1754 461 1865 492; x_wconf 90' lang='lat' dir='ltr'>cum</span> <span class='ocrx_word' id='word_1_34' title='bbox 1897 461 1973 494; x_wconf 92' lang='lat' dir='ltr'>co·</span> 
     </span>
     <span class='ocr_line' id='line_1_7' title="bbox 283 514 1973 584; baseline 0.004 -22"><span class='ocrx_word' id='word_1_35' title='bbox 283 514 388 563; x_wconf 89' lang='lat' dir='ltr'>dice</span> <span class='ocrx_word' id='word_1_36' title='bbox 429 516 615 563; x_wconf 90' lang='lat' dir='ltr'>Iuliani</span> <span class='ocrx_word' id='word_1_37' title='bbox 646 515 1009 576; x_wconf 89' lang='lat' dir='ltr'>quodammodo</span> <span class='ocrx_word' id='word_1_38' title='bbox 1050 517 1312 564; x_wconf 88' lang='lat' dir='ltr'>coniuncta</span> <span class='ocrx_word' id='word_1_39' title='bbox 1346 520 1418 565; x_wconf 87' lang='lat' dir='ltr'>est</span> <span class='ocrx_word' id='word_1_40' title='bbox 1452 519 1502 564; x_wconf 88' lang='lat' dir='ltr'>et</span> <span class='ocrx_word' id='word_1_41' title='bbox 1532 522 1574 566; x_wconf 90' lang='lat' dir='ltr'>P</span> <span class='ocrx_word' id='word_1_42' title='bbox 1608 535 1718 566; x_wconf 91' lang='lat' dir='ltr'>cum</span> <span class='ocrx_word' id='word_1_43' title='bbox 1750 520 1973 584; x_wconf 86' lang='lat' dir='ltr'>vulgata,</span> 
     </span>
     <span class='ocr_line' id='line_1_8' title="bbox 282 589 1972 658; baseline 0.004 -22"><span class='ocrx_word' id='word_1_44' title='bbox 282 589 332 637; x_wconf 90' lang='lat' dir='ltr'>id</span> <span class='ocrx_word' id='word_1_45' title='bbox 366 589 498 651; x_wconf 90' lang='lat' dir='ltr'>quod</span> <span class='ocrx_word' id='word_1_46' title='bbox 520 590 725 637; x_wconf 90' lang='lat' dir='ltr'>minime</span> <span class='ocrx_word' id='word_1_47' title='bbox 756 590 939 636; x_wconf 91' lang='lat' dir='ltr'>mirum</span> <span class='ocrx_word' id='word_1_48' title='bbox 963 593 1051 650; x_wconf 88' lang='lat' dir='ltr'>est,</span> <span class='ocrx_word' id='word_1_49' title='bbox 1083 592 1375 652; x_wconf 88' lang='lat' dir='ltr'>praesertim</span> <span class='ocrx_word' id='word_1_50' title='bbox 1401 607 1510 639; x_wconf 90' lang='lat' dir='ltr'>cum</span> <span class='ocrx_word' id='word_1_51' title='bbox 1543 608 1600 639; x_wconf 91' lang='lat' dir='ltr'>ex</span> <span class='ocrx_word' id='word_1_52' title='bbox 1633 593 1815 640; x_wconf 91' lang='lat' dir='ltr'>eisdem</span> <span class='ocrx_word' id='word_1_53' title='bbox 1846 595 1972 658; x_wconf 88' lang='lat' dir='ltr'>regi-</span> 
     </span>
     <span class='ocr_line' id='line_1_9' title="bbox 283 663 1971 727; baseline 0.004 -17"><span class='ocrx_word' id='word_1_54' title='bbox 283 663 456 711; x_wconf 84' lang='lat' dir='ltr'>onibus</span> <span class='ocrx_word' id='word_1_55' title='bbox 483 666 532 711; x_wconf 87' lang='lat' dir='ltr'>et</span> <span class='ocrx_word' id='word_1_56' title='bbox 555 668 597 711; x_wconf 90' lang='lat' dir='ltr'>P</span> <span class='ocrx_word' id='word_1_57' title='bbox 623 666 672 711; x_wconf 91' lang='lat' dir='ltr'>et</span> <span class='ocrx_word' id='word_1_58' title='bbox 697 663 887 711; x_wconf 87' lang='lat' dir='ltr'>codices</span> <span class='ocrx_word' id='word_1_59' title='bbox 913 683 957 711; x_wconf 86' lang='grc' dir='ltr'>ω</span> <span class='ocrx_word' id='word_1_60' title='bbox 984 664 1225 727; x_wconf 84' lang='lat' dir='ltr'>originem</span> <span class='ocrx_word' id='word_1_61' title='bbox 1259 665 1454 713; x_wconf 88' lang='lat' dir='ltr'>duxisse</span> <span class='ocrx_word' id='word_1_62' title='bbox 1479 667 1870 715; x_wconf 89' lang='lat' dir='ltr'>demonstratum</span> <span class='ocrx_word' id='word_1_63' title='bbox 1894 669 1971 716; x_wconf 92' lang='lat' dir='ltr'>sit.</span> 
     </span>
    </p>

    <p class='ocr_par' dir='ltr' id='par_1_5' title="bbox 274 738 1973 2272">
     <span class='ocr_line' id='line_1_10' title="bbox 393 738 1972 803; baseline 0.004 -19"><span class='ocrx_word' id='word_1_64' title='bbox 393 738 490 784; x_wconf 91' lang='lat' dir='ltr'>huc</span> <span class='ocrx_word' id='word_1_65' title='bbox 520 753 679 800; x_wconf 89' lang='lat' dir='ltr'>usque</span> <span class='ocrx_word' id='word_1_66' title='bbox 719 741 942 787; x_wconf 89' lang='lat' dir='ltr'>nostrum</span> <span class='ocrx_word' id='word_1_67' title='bbox 982 741 1088 786; x_wconf 89' lang='lat' dir='ltr'>erat</span> <span class='ocrx_word' id='word_1_68' title='bbox 1127 755 1357 801; x_wconf 84' lang='lat' dir='ltr'>separare</span> <span class='ocrx_word' id='word_1_69' title='bbox 1389 740 1510 788; x_wconf 87' lang='lat' dir='ltr'>duas</span> <span class='ocrx_word' id='word_1_70' title='bbox 1543 741 1722 803; x_wconf 88' lang='lat' dir='ltr'>stirpes</span> <span class='ocrx_word' id='word_1_71' title='bbox 1754 746 1796 789; x_wconf 91' lang='lat' dir='ltr'>P</span> <span class='ocrx_word' id='word_1_72' title='bbox 1830 746 1879 790; x_wconf 88' lang='lat' dir='ltr'>et</span> <span class='ocrx_word' id='word_1_73' title='bbox 1911 763 1972 803; x_wconf 82' lang='grc' dir='ltr'>ω,</span> 
     </span>
     <span class='ocr_line' id='line_1_11' title="bbox 280 811 1973 878; baseline 0.004 -20"><span class='ocrx_word' id='word_1_74' title='bbox 280 813 340 859; x_wconf 89' lang='lat' dir='ltr'>ut</span> <span class='ocrx_word' id='word_1_75' title='bbox 371 811 499 860; x_wconf 90' lang='lat' dir='ltr'>unde</span> <span class='ocrx_word' id='word_1_76' title='bbox 532 827 756 874; x_wconf 91' lang='lat' dir='ltr'>quaeque</span> <span class='ocrx_word' id='word_1_77' title='bbox 780 813 926 860; x_wconf 90' lang='lat' dir='ltr'>lectio</span> <span class='ocrx_word' id='word_1_78' title='bbox 959 815 1121 860; x_wconf 85' lang='lat' dir='ltr'>tracta</span> <span class='ocrx_word' id='word_1_79' title='bbox 1154 817 1293 874; x_wconf 89' lang='lat' dir='ltr'>esset,</span> <span class='ocrx_word' id='word_1_80' title='bbox 1326 814 1497 862; x_wconf 89' lang='lat' dir='ltr'>liceret</span> <span class='ocrx_word' id='word_1_81' title='bbox 1528 829 1830 878; x_wconf 82' lang='lat' dir='ltr'>cognoscere.</span> <span class='ocrx_word' id='word_1_82' title='bbox 1872 816 1973 864; x_wconf 91' lang='lat' dir='ltr'>iam</span> 
     </span>
     <span class='ocr_line' id='line_1_12' title="bbox 280 887 1971 953; baseline 0.004 -21"><span class='ocrx_word' id='word_1_83' title='bbox 280 887 415 933; x_wconf 89' lang='lat' dir='ltr'>ultra</span> <span class='ocrx_word' id='word_1_84' title='bbox 438 887 799 950; x_wconf 80' lang='lat' dir='ltr'>progredimur,</span> <span class='ocrx_word' id='word_1_85' title='bbox 832 889 889 933; x_wconf 91' lang='lat' dir='ltr'>ut</span> <span class='ocrx_word' id='word_1_86' title='bbox 913 903 1212 949; x_wconf 85' lang='lat' dir='ltr'>exponamus</span> <span class='ocrx_word' id='word_1_87' title='bbox 1246 889 1490 950; x_wconf 90' lang='lat' dir='ltr'>quomodo</span> <span class='ocrx_word' id='word_1_88' title='bbox 1515 889 1776 938; x_wconf 88' lang='lat' dir='ltr'>diversitas</span> <span class='ocrx_word' id='word_1_89' title='bbox 1803 892 1971 953; x_wconf 82' lang='lat' dir='ltr'>stirpis</span> 
     </span>
     <span class='ocr_line' id='line_1_13' title="bbox 278 960 1972 1024; baseline 0.003 -16"><span class='ocrx_word' id='word_1_90' title='bbox 278 960 531 1008; x_wconf 87' lang='lat' dir='ltr'>Iulianeae</span> <span class='ocrx_word' id='word_1_91' title='bbox 572 963 622 1008; x_wconf 91' lang='lat' dir='ltr'>et</span> <span class='ocrx_word' id='word_1_92' title='bbox 660 961 896 1023; x_wconf 74' lang='lat' dir='ltr'>vulgatae</span> <span class='ocrx_word' id='word_1_93' title='bbox 930 964 1040 1009; x_wconf 87' lang='lat' dir='ltr'>orta</span> <span class='ocrx_word' id='word_1_94' title='bbox 1080 963 1158 1009; x_wconf 92' lang='lat' dir='ltr'>sit.</span> <span class='ocrx_word' id='word_1_95' title='bbox 1213 978 1330 1010; x_wconf 87' lang='lat' dir='ltr'>nam</span> <span class='ocrx_word' id='word_1_96' title='bbox 1362 963 1588 1024; x_wconf 88' lang='lat' dir='ltr'>quamvis</span> <span class='ocrx_word' id='word_1_97' title='bbox 1612 968 1654 1012; x_wconf 94' lang='lat' dir='ltr'>P</span> <span class='ocrx_word' id='word_1_98' title='bbox 1688 965 1861 1013; x_wconf 88' lang='lat' dir='ltr'>ceteris</span> <span class='ocrx_word' id='word_1_99' title='bbox 1895 981 1972 1014; x_wconf 93' lang='lat' dir='ltr'>co-</span> 
     </span>
     <span class='ocr_line' id='line_1_14' title="bbox 279 1034 1972 1099; baseline 0.003 -17"><span class='ocrx_word' id='word_1_100' title='bbox 279 1034 469 1082; x_wconf 88' lang='lat' dir='ltr'>dicibus</span> <span class='ocrx_word' id='word_1_101' title='bbox 495 1035 769 1094; x_wconf 75' lang='lat' dir='ltr'>antecedat,</span> <span class='ocrx_word' id='word_1_102' title='bbox 801 1038 969 1082; x_wconf 88' lang='lat' dir='ltr'>tamen</span> <span class='ocrx_word' id='word_1_103' title='bbox 1000 1052 1099 1084; x_wconf 90' lang='lat' dir='ltr'>non</span> <span class='ocrx_word' id='word_1_104' title='bbox 1129 1037 1313 1085; x_wconf 88' lang='lat' dir='ltr'>temere</span> <span class='ocrx_word' id='word_1_105' title='bbox 1338 1054 1449 1085; x_wconf 92' lang='lat' dir='ltr'>eum</span> <span class='ocrx_word' id='word_1_106' title='bbox 1475 1039 1615 1099; x_wconf 88' lang='lat' dir='ltr'>sequi</span> <span class='ocrx_word' id='word_1_107' title='bbox 1637 1039 1767 1087; x_wconf 91' lang='lat' dir='ltr'>licet.</span> <span class='ocrx_word' id='word_1_108' title='bbox 1821 1040 1972 1087; x_wconf 89' lang='lat' dir='ltr'>immo</span> 
     </span>
     <span class='ocr_line' id='line_1_15' title="bbox 279 1109 1972 1175; baseline 0.002 -19"><span class='ocrx_word' id='word_1_109' title='bbox 279 1124 391 1156; x_wconf 90' lang='lat' dir='ltr'>cum</span> <span class='ocrx_word' id='word_1_110' title='bbox 430 1125 518 1156; x_wconf 88' lang='lat' dir='ltr'>nec</span> <span class='ocrx_word' id='word_1_111' title='bbox 559 1109 1028 1171; x_wconf 73' lang='lat' dir='ltr'>interpolationibus</span> <span class='ocrx_word' id='word_1_112' title='bbox 1069 1113 1236 1159; x_wconf 88' lang='lat' dir='ltr'>careat</span> <span class='ocrx_word' id='word_1_113' title='bbox 1273 1111 1352 1158; x_wconf 91' lang='lat' dir='ltr'>hic</span> <span class='ocrx_word' id='word_1_114' title='bbox 1393 1111 1543 1160; x_wconf 87' lang='lat' dir='ltr'>codex</span> <span class='ocrx_word' id='word_1_115' title='bbox 1582 1128 1671 1160; x_wconf 90' lang='lat' dir='ltr'>nec</span> <span class='ocrx_word' id='word_1_116' title='bbox 1711 1113 1972 1175; x_wconf 85' lang='lat' dir='ltr'>erroribus,</span> 
     </span>
     <span class='ocr_line' id='line_1_16' title="bbox 278 1183 1970 1249; baseline 0.004 -20"><span class='ocrx_word' id='word_1_117' title='bbox 278 1199 576 1244; x_wconf 89' lang='lat' dir='ltr'>unoquoque</span> <span class='ocrx_word' id='word_1_118' title='bbox 609 1184 717 1232; x_wconf 93' lang='lat' dir='ltr'>loco</span> <span class='ocrx_word' id='word_1_119' title='bbox 751 1183 1016 1246; x_wconf 86' lang='lat' dir='ltr'>diligenter</span> <span class='ocrx_word' id='word_1_120' title='bbox 1055 1185 1387 1246; x_wconf 89' lang='lat' dir='ltr'>reputandum</span> <span class='ocrx_word' id='word_1_121' title='bbox 1420 1189 1509 1247; x_wconf 88' lang='lat' dir='ltr'>est,</span> <span class='ocrx_word' id='word_1_122' title='bbox 1539 1188 1642 1234; x_wconf 85' lang='lat' dir='ltr'>utri</span> <span class='ocrx_word' id='word_1_123' title='bbox 1674 1187 1821 1249; x_wconf 88' lang='lat' dir='ltr'>stirpi</span> <span class='ocrx_word' id='word_1_124' title='bbox 1851 1187 1970 1235; x_wconf 88' lang='lat' dir='ltr'>fides</span> 
     </span>
     <span class='ocr_line' id='line_1_17' title="bbox 277 1257 1972 1325; baseline 0.003 -21"><span class='ocrx_word' id='word_1_125' title='bbox 277 1258 343 1305; x_wconf 90' lang='lat' dir='ltr'>sit</span> <span class='ocrx_word' id='word_1_126' title='bbox 381 1257 621 1305; x_wconf 89' lang='lat' dir='ltr'>habenda.</span> <span class='ocrx_word' id='word_1_127' title='bbox 684 1258 822 1306; x_wconf 87' lang='lat' dir='ltr'>velut</span> <span class='ocrx_word' id='word_1_128' title='bbox 862 1260 980 1320; x_wconf 89' lang='lat' dir='ltr'>quin</span> <span class='ocrx_word' id='word_1_129' title='bbox 1022 1260 1069 1318; x_wconf 87' lang='lat'>3,</span> <span class='ocrx_word' id='word_1_130' title='bbox 1099 1261 1202 1307; x_wconf 87' lang='grc'>710</span> <span class='ocrx_word' id='word_1_131' title='bbox 1234 1274 1422 1319; x_wconf 73' lang='lat' dir='ltr'>parens</span> <span class='ocrx_word' id='word_1_132' title='bbox 1459 1260 1511 1307; x_wconf 91' lang='lat' dir='ltr'>in</span> <span class='ocrx_word' id='word_1_133' title='bbox 1543 1265 1585 1308; x_wconf 91' lang='lat' dir='ltr'>P</span> <span class='ocrx_word' id='word_1_134' title='bbox 1625 1277 1715 1322; x_wconf 92' lang='lat' dir='ltr'>pro</span> <span class='ocrx_word' id='word_1_135' title='bbox 1757 1264 1972 1325; x_wconf 86' lang='lat' dir='ltr'>genuina</span> 
     </span>
     <span class='ocr_line' id='line_1_18' title="bbox 278 1331 1972 1395; baseline 0.004 -17"><span class='ocrx_word' id='word_1_136' title='bbox 278 1331 490 1380; x_wconf 90' lang='lat' dir='ltr'>lectione</span> <span class='ocrx_word' id='word_1_137' title='bbox 513 1335 659 1391; x_wconf 77' lang='lat' dir='ltr'>pater</span> <span class='ocrx_word' id='word_1_138' title='bbox 690 1332 1066 1395; x_wconf 84' lang='lat' dir='ltr'>interpolationi</span> <span class='ocrx_word' id='word_1_139' title='bbox 1092 1333 1344 1394; x_wconf 87' lang='lat' dir='ltr'>debeatur,</span> <span class='ocrx_word' id='word_1_140' title='bbox 1377 1351 1475 1382; x_wconf 91' lang='lat' dir='ltr'>non</span> <span class='ocrx_word' id='word_1_141' title='bbox 1507 1334 1693 1383; x_wconf 89' lang='lat' dir='ltr'>dubito.</span> <span class='ocrx_word' id='word_1_142' title='bbox 1735 1337 1793 1383; x_wconf 88' lang='lat' dir='ltr'>cf.</span> <span class='ocrx_word' id='word_1_143' title='bbox 1820 1338 1972 1384; x_wconf 84' lang='lat' dir='ltr'>etiam</span> 
     </span>
     <span class='ocr_line' id='line_1_19' title="bbox 282 1406 1969 1467; baseline 0.003 -15"><span class='ocrx_word' id='word_1_144' title='bbox 282 1407 328 1464; x_wconf 88' lang='lat'>7,</span> <span class='ocrx_word' id='word_1_145' title='bbox 354 1406 422 1453; x_wconf 83' lang='lat'>88</span> <span class='ocrx_word' id='word_1_146' title='bbox 458 1422 554 1467; x_wconf 90' lang='lat' dir='ltr'>quo</span> <span class='ocrx_word' id='word_1_147' title='bbox 587 1407 695 1454; x_wconf 92' lang='lat' dir='ltr'>loco</span> <span class='ocrx_word' id='word_1_148' title='bbox 721 1422 890 1455; x_wconf 87' lang='lat' dir='ltr'>versus</span> <span class='ocrx_word' id='word_1_149' title='bbox 922 1407 1127 1455; x_wconf 89' lang='lat' dir='ltr'>mutilus</span> <span class='ocrx_word' id='word_1_150' title='bbox 1159 1408 1309 1457; x_wconf 83' lang='lat' dir='ltr'>fuisse</span> <span class='ocrx_word' id='word_1_151' title='bbox 1342 1409 1539 1457; x_wconf 88' lang='lat' dir='ltr'>videtur</span> <span class='ocrx_word' id='word_1_152' title='bbox 1569 1411 1622 1456; x_wconf 89' lang='lat' dir='ltr'>in</span> <span class='ocrx_word' id='word_1_153' title='bbox 1655 1409 1820 1458; x_wconf 89' lang='lat' dir='ltr'>codice</span> <span class='ocrx_word' id='word_1_154' title='bbox 1851 1410 1969 1458; x_wconf 91' lang='lat' dir='ltr'>Iuli-</span> 
     </span>
     <span class='ocr_line' id='line_1_20' title="bbox 278 1476 1972 1543; baseline 0.003 -16"><span class='ocrx_word' id='word_1_155' title='bbox 278 1480 362 1527; x_wconf 91' lang='lat' dir='ltr'>ani</span> <span class='ocrx_word' id='word_1_156' title='bbox 392 1480 609 1528; x_wconf 73' lang='lat' dir='ltr'>nondum</span> <span class='ocrx_word' id='word_1_157' title='bbox 641 1496 797 1535; x_wconf 81' lang='lat' dir='ltr'>arma,</span> <span class='ocrx_word' id='word_1_158' title='bbox 839 1482 974 1543; x_wconf 91' lang='lat' dir='ltr'>quod</span> <span class='ocrx_word' id='word_1_159' title='bbox 1013 1482 1246 1529; x_wconf 87' lang='lat' dir='ltr'>damnum</span> <span class='ocrx_word' id='word_1_160' title='bbox 1285 1476 1350 1530; x_wconf 72' lang='lat' dir='ltr'>P1</span> <span class='ocrx_word' id='word_1_161' title='bbox 1381 1482 1617 1531; x_wconf 87' lang='lat' dir='ltr'>resarcire</span> <span class='ocrx_word' id='word_1_162' title='bbox 1659 1486 1864 1532; x_wconf 88' lang='lat' dir='ltr'>conatus</span> <span class='ocrx_word' id='word_1_163' title='bbox 1897 1487 1972 1532; x_wconf 86' lang='lat' dir='ltr'>est</span> 
     </span>
     <span class='ocr_line' id='line_1_21' title="bbox 276 1553 1970 1616; baseline 0.004 -16"><span class='ocrx_word' id='word_1_164' title='bbox 276 1553 417 1602; x_wconf 90' lang='lat' dir='ltr'>iuxta</span> <span class='ocrx_word' id='word_1_165' title='bbox 457 1554 708 1616; x_wconf 89' lang='lat' dir='ltr'>adscripta</span> <span class='ocrx_word' id='word_1_166' title='bbox 747 1571 864 1604; x_wconf 87' lang='lat' dir='ltr'>voce</span> <span class='ocrx_word' id='word_1_167' title='bbox 905 1558 1152 1615; x_wconf 73' lang='lat' dir='ltr'>quiescunt</span> <span class='ocrx_word' id='word_1_168' title='bbox 1183 1583 1255 1588; x_wconf 96' lang='lat'><strong>—</strong></span> <span class='ocrx_word' id='word_1_169' title='bbox 1287 1573 1376 1604; x_wconf 87' lang='lat' dir='ltr'>nec</span> <span class='ocrx_word' id='word_1_170' title='bbox 1417 1557 1545 1605; x_wconf 90' lang='lat' dir='ltr'>enim</span> <span class='ocrx_word' id='word_1_171' title='bbox 1586 1559 1818 1606; x_wconf 88' lang='lat' dir='ltr'>continuo</span> <span class='ocrx_word' id='word_1_172' title='bbox 1851 1559 1970 1607; x_wconf 87' lang='lat' dir='ltr'>haec</span> 
     </span>
     <span class='ocr_line' id='line_1_22' title="bbox 276 1627 1970 1690; baseline 0.004 -15"><span class='ocrx_word' id='word_1_173' title='bbox 276 1627 427 1676; x_wconf 88' lang='lat' dir='ltr'>verba</span> <span class='ocrx_word' id='word_1_174' title='bbox 453 1628 637 1690; x_wconf 90' lang='lat' dir='ltr'>scripta</span> <span class='ocrx_word' id='word_1_175' title='bbox 662 1631 777 1677; x_wconf 90' lang='lat' dir='ltr'>sunt</span> <span class='ocrx_word' id='word_1_176' title='bbox 795 1646 887 1676; x_wconf 88' lang='lat'>—:</span> <span class='ocrx_word' id='word_1_177' title='bbox 914 1646 1032 1678; x_wconf 83' lang='lat' dir='ltr'>vera</span> <span class='ocrx_word' id='word_1_178' title='bbox 1056 1633 1254 1679; x_wconf 90' lang='lat' dir='ltr'>servata</span> <span class='ocrx_word' id='word_1_179' title='bbox 1277 1634 1392 1679; x_wconf 90' lang='lat' dir='ltr'>sunt</span> <span class='ocrx_word' id='word_1_180' title='bbox 1414 1633 1468 1679; x_wconf 90' lang='lat' dir='ltr'>in</span> <span class='ocrx_word' id='word_1_181' title='bbox 1493 1649 1562 1680; x_wconf 77' lang='lat' dir='ltr'>w:</span> <span class='ocrx_word' id='word_1_182' title='bbox 1586 1634 1803 1680; x_wconf 74' lang='lat' dir='ltr'>nondum</span> <span class='ocrx_word' id='word_1_183' title='bbox 1828 1647 1970 1681; x_wconf 82' lang='lat' dir='ltr'>arma</span> 
     </span>
     <span class='ocr_line' id='line_1_23' title="bbox 278 1704 1968 1767; baseline 0.003 -18"><span class='ocrx_word' id='word_1_184' title='bbox 278 1705 472 1751; x_wconf 76' lang='lat' dir='ltr'>carinis.</span> <span class='ocrx_word' id='word_1_185' title='bbox 554 1704 600 1765; x_wconf 86' lang='lat'>8,</span> <span class='ocrx_word' id='word_1_186' title='bbox 630 1704 732 1750; x_wconf 83' lang='lat'>276</span> <span class='ocrx_word' id='word_1_187' title='bbox 760 1704 961 1763; x_wconf 76' lang='lat' dir='ltr'>prodita</span> <span class='ocrx_word' id='word_1_188' title='bbox 995 1722 1063 1752; x_wconf 78' lang='lat' dir='ltr'>w:</span> <span class='ocrx_word' id='word_1_189' title='bbox 1088 1707 1320 1765; x_wconf 72' lang='lat' dir='ltr'>procliyia</span> <span class='ocrx_word' id='word_1_190' title='bbox 1352 1710 1394 1754; x_wconf 94' lang='lat' dir='ltr'>P</span> <span class='ocrx_word' id='word_1_191' title='bbox 1428 1706 1562 1767; x_wconf 90' lang='lat' dir='ltr'>quod</span> <span class='ocrx_word' id='word_1_192' title='bbox 1592 1707 1778 1754; x_wconf 86' lang='lat' dir='ltr'>temere</span> <span class='ocrx_word' id='word_1_193' title='bbox 1808 1709 1968 1755; x_wconf 90' lang='lat' dir='ltr'>muta-</span> 
     </span>
     <span class='ocr_line' id='line_1_24' title="bbox 275 1776 1970 1842; baseline 0.003 -19"><span class='ocrx_word' id='word_1_194' title='bbox 275 1779 385 1824; x_wconf 90' lang='lat' dir='ltr'>tum</span> <span class='ocrx_word' id='word_1_195' title='bbox 417 1776 615 1825; x_wconf 90' lang='lat' dir='ltr'>videtur</span> <span class='ocrx_word' id='word_1_196' title='bbox 647 1794 703 1826; x_wconf 93' lang='lat' dir='ltr'>ex</span> <span class='ocrx_word' id='word_1_197' title='bbox 737 1793 898 1826; x_wconf 89' lang='lat' dir='ltr'>errore</span> <span class='ocrx_word' id='word_1_198' title='bbox 924 1780 1142 1838; x_wconf 75' lang='lat' dir='ltr'>predica.</span> <span class='ocrx_word' id='word_1_199' title='bbox 1210 1781 1256 1841; x_wconf 85' lang='lat'>8,</span> <span class='ocrx_word' id='word_1_200' title='bbox 1286 1781 1388 1828; x_wconf 84' lang='lat'>536</span> <span class='ocrx_word' id='word_1_201' title='bbox 1423 1784 1551 1828; x_wconf 77' lang='lat' dir='ltr'>certa</span> <span class='ocrx_word' id='word_1_202' title='bbox 1582 1782 1866 1842; x_wconf 73' lang='lat' dir='ltr'>indiynatus</span> <span class='ocrx_word' id='word_1_203' title='bbox 1899 1798 1970 1829; x_wconf 76' lang='lat' dir='ltr'>w:</span> 
     </span>
     <span class='ocr_line' id='line_1_25' title="bbox 276 1852 1970 1917; baseline 0.003 -19"><span class='ocrx_word' id='word_1_204' title='bbox 276 1855 455 1898; x_wconf 76' lang='lat' dir='ltr'>certum</span> <span class='ocrx_word' id='word_1_205' title='bbox 485 1852 817 1913; x_wconf 71' lang='lat' dir='ltr'>indiqnantur&#39;</span> <span class='ocrx_word' id='word_1_206' title='bbox 839 1857 902 1913; x_wconf 83' lang='lat' dir='ltr'>P3</span> <span class='ocrx_word' id='word_1_207' title='bbox 943 1869 1118 1915; x_wconf 88' lang='lat' dir='ltr'>nempe</span> <span class='ocrx_word' id='word_1_208' title='bbox 1150 1854 1436 1913; x_wconf 67' lang='lat' dir='ltr'>indiynatur</span> <span class='ocrx_word' id='word_1_209' title='bbox 1477 1870 1566 1917; x_wconf 92' lang='lat' dir='ltr'>pro</span> <span class='ocrx_word' id='word_1_210' title='bbox 1600 1858 1698 1902; x_wconf 79' lang='lat' dir='ltr'>-tus</span> <span class='ocrx_word' id='word_1_211' title='bbox 1730 1857 1970 1916; x_wconf 87' lang='lat' dir='ltr'>scriptum</span> 
     </span>
     <span class='ocr_line' id='line_1_26' title="bbox 275 1925 1969 1989; baseline 0.002 -17"><span class='ocrx_word' id='word_1_212' title='bbox 275 1925 388 1987; x_wconf 88' lang='lat' dir='ltr'>fuit,</span> <span class='ocrx_word' id='word_1_213' title='bbox 415 1925 588 1973; x_wconf 90' lang='lat' dir='ltr'>deinde</span> <span class='ocrx_word' id='word_1_214' title='bbox 614 1925 738 1974; x_wconf 92' lang='lat' dir='ltr'>illud</span> <span class='ocrx_word' id='word_1_215' title='bbox 764 1926 991 1974; x_wconf 89' lang='lat' dir='ltr'>effectum</span> <span class='ocrx_word' id='word_1_216' title='bbox 1016 1930 1072 1974; x_wconf 93' lang='lat' dir='ltr'>ut</span> <span class='ocrx_word' id='word_1_217' title='bbox 1097 1928 1308 1989; x_wconf 85' lang='lat' dir='ltr'>quilibet</span> <span class='ocrx_word' id='word_1_218' title='bbox 1332 1943 1502 1976; x_wconf 88' lang='lat' dir='ltr'>sensus</span> <span class='ocrx_word' id='word_1_219' title='bbox 1527 1930 1772 1977; x_wconf 86' lang='lat' dir='ltr'>existeret.</span> <span class='ocrx_word' id='word_1_220' title='bbox 1819 1928 1969 1976; x_wconf 85' lang='lat' dir='ltr'>verba</span> 
     </span>
     <span class='ocr_line' id='line_1_27' title="bbox 275 1999 1969 2063; baseline 0.002 -17"><span class='ocrx_word' id='word_1_221' title='bbox 275 1999 436 2047; x_wconf 88' lang='lat' dir='ltr'>latina</span> <span class='ocrx_word' id='word_1_222' title='bbox 477 1999 686 2048; x_wconf 90' lang='lat' dir='ltr'>scribere</span> <span class='ocrx_word' id='word_1_223' title='bbox 725 2002 846 2048; x_wconf 90' lang='lat' dir='ltr'>satis</span> <span class='ocrx_word' id='word_1_224' title='bbox 887 2001 1060 2049; x_wconf 83' lang='lat' dir='ltr'>habuit</span> <span class='ocrx_word' id='word_1_225' title='bbox 1100 2002 1331 2050; x_wconf 89' lang='lat' dir='ltr'>librarius</span> <span class='ocrx_word' id='word_1_226' title='bbox 1364 2007 1405 2050; x_wconf 88' lang='lat' dir='ltr'>P</span> <span class='ocrx_word' id='word_1_227' title='bbox 1439 2002 1590 2050; x_wconf 88' lang='lat' dir='ltr'>etiam</span> <span class='ocrx_word' id='word_1_228' title='bbox 1635 2005 1718 2063; x_wconf 81' lang='lat'>12,</span> <span class='ocrx_word' id='word_1_229' title='bbox 1746 2004 1849 2051; x_wconf 83' lang='lat'>672</span> <span class='ocrx_word' id='word_1_230' title='bbox 1884 2003 1969 2050; x_wconf 93' lang='lat' dir='ltr'>ubi</span> 
     </span>
     <span class='ocr_line' id='line_1_28' title="bbox 274 2074 1966 2136; baseline 0.002 -16"><span class='ocrx_word' id='word_1_231' title='bbox 274 2088 363 2135; x_wconf 90' lang='lat' dir='ltr'>pro</span> <span class='ocrx_word' id='word_1_232' title='bbox 389 2075 616 2136; x_wconf 87' lang='lat' dir='ltr'>genuinis</span> <span class='ocrx_word' id='word_1_233' title='bbox 638 2074 799 2123; x_wconf 89' lang='lat' dir='ltr'>verbis</span> <span class='ocrx_word' id='word_1_234' title='bbox 823 2076 1034 2135; x_wconf 68' lang='lat' dir='ltr'>imayine</span> <span class='ocrx_word' id='word_1_235' title='bbox 1058 2079 1194 2124; x_wconf 81' lang='lat' dir='ltr'>torva</span> <span class='ocrx_word' id='word_1_236' title='bbox 1218 2077 1271 2123; x_wconf 93' lang='lat' dir='ltr'>in</span> <span class='ocrx_word' id='word_1_237' title='bbox 1288 2081 1329 2124; x_wconf 92' lang='lat' dir='ltr'>P</span> <span class='ocrx_word' id='word_1_238' title='bbox 1351 2079 1511 2125; x_wconf 89' lang='lat' dir='ltr'>exstat</span> <span class='ocrx_word' id='word_1_239' title='bbox 1531 2079 1586 2124; x_wconf 74' lang='lat' dir='ltr'>in</span> <span class='ocrx_word' id='word_1_240' title='bbox 1609 2078 1799 2136; x_wconf 70' lang='lat' dir='ltr'>aymine</span> <span class='ocrx_word' id='word_1_241' title='bbox 1823 2081 1966 2124; x_wconf 80' lang='lat' dir='ltr'>torvo.</span> 
     </span>
     <span class='ocr_line' id='line_1_29' title="bbox 277 2147 1968 2214; baseline 0.002 -20"><span class='ocrx_word' id='word_1_242' title='bbox 277 2147 378 2195; x_wconf 88' lang='lat' dir='ltr'>alia</span> <span class='ocrx_word' id='word_1_243' title='bbox 410 2148 807 2210; x_wconf 85' lang='lat' dir='ltr'>interpolationis</span> <span class='ocrx_word' id='word_1_244' title='bbox 834 2150 1057 2211; x_wconf 89' lang='lat' dir='ltr'>exempla</span> <span class='ocrx_word' id='word_1_245' title='bbox 1082 2166 1231 2212; x_wconf 89' lang='lat' dir='ltr'>supra</span> <span class='ocrx_word' id='word_1_246' title='bbox 1256 2151 1492 2212; x_wconf 85' lang='lat' dir='ltr'>dedimus,</span> <span class='ocrx_word' id='word_1_247' title='bbox 1519 2151 1620 2198; x_wconf 91' lang='lat' dir='ltr'>alia</span> <span class='ocrx_word' id='word_1_248' title='bbox 1645 2151 1695 2198; x_wconf 92' lang='lat' dir='ltr'>in</span> <span class='ocrx_word' id='word_1_249' title='bbox 1722 2154 1968 2214; x_wconf 83' lang='lat' dir='ltr'>apparatu</span> 
     </span>
     <span class='ocr_line' id='line_1_30' title="bbox 275 2221 1018 2272; baseline 0 -2"><span class='ocrx_word' id='word_1_250' title='bbox 275 2221 445 2270; x_wconf 89' lang='lat' dir='ltr'>critico</span> <span class='ocrx_word' id='word_1_251' title='bbox 477 2222 557 2269; x_wconf 89' lang='lat' dir='ltr'>hic</span> <span class='ocrx_word' id='word_1_252' title='bbox 589 2222 694 2270; x_wconf 91' lang='lat' dir='ltr'>illic</span> <span class='ocrx_word' id='word_1_253' title='bbox 726 2223 1018 2272; x_wconf 87' lang='lat' dir='ltr'>notavimus.</span> 
     </span>
    </p>

    <p class='ocr_par' dir='ltr' id='par_1_6' title="bbox 274 2295 1966 2729">
     <span class='ocr_line' id='line_1_31' title="bbox 386 2295 1965 2362; baseline 0.003 -19"><span class='ocrx_word' id='word_1_254' title='bbox 386 2295 471 2344; x_wconf 89' lang='lat' dir='ltr'>sed</span> <span class='ocrx_word' id='word_1_255' title='bbox 501 2297 559 2344; x_wconf 88' lang='lat' dir='ltr'>ut</span> <span class='ocrx_word' id='word_1_256' title='bbox 588 2299 720 2345; x_wconf 89' lang='lat' dir='ltr'>recte</span> <span class='ocrx_word' id='word_1_257' title='bbox 745 2297 928 2359; x_wconf 85' lang='lat' dir='ltr'>eligere</span> <span class='ocrx_word' id='word_1_258' title='bbox 952 2298 1211 2359; x_wconf 89' lang='lat' dir='ltr'>possimus,</span> <span class='ocrx_word' id='word_1_259' title='bbox 1244 2298 1487 2360; x_wconf 91' lang='lat' dir='ltr'>quomodo</span> <span class='ocrx_word' id='word_1_260' title='bbox 1519 2299 1754 2362; x_wconf 87' lang='lat' dir='ltr'>vulgatae</span> <span class='ocrx_word' id='word_1_261' title='bbox 1788 2299 1965 2348; x_wconf 87' lang='lat' dir='ltr'>discre-</span> 
     </span>
     <span class='ocr_line' id='line_1_32' title="bbox 274 2369 1966 2432; baseline 0.003 -16"><span class='ocrx_word' id='word_1_262' title='bbox 274 2369 476 2430; x_wconf 88' lang='lat' dir='ltr'>pantiae</span> <span class='ocrx_word' id='word_1_263' title='bbox 509 2373 706 2418; x_wconf 86' lang='lat' dir='ltr'>exortae</span> <span class='ocrx_word' id='word_1_264' title='bbox 731 2372 847 2432; x_wconf 89' lang='lat' dir='ltr'>sint,</span> <span class='ocrx_word' id='word_1_265' title='bbox 880 2372 1232 2420; x_wconf 86' lang='lat' dir='ltr'>enucleandum</span> <span class='ocrx_word' id='word_1_266' title='bbox 1267 2376 1353 2420; x_wconf 90' lang='lat' dir='ltr'>est.</span> <span class='ocrx_word' id='word_1_267' title='bbox 1410 2389 1563 2420; x_wconf 90' lang='lat' dir='ltr'>unum</span> <span class='ocrx_word' id='word_1_268' title='bbox 1588 2375 1755 2420; x_wconf 90' lang='lat' dir='ltr'>autem</span> <span class='ocrx_word' id='word_1_269' title='bbox 1778 2374 1966 2421; x_wconf 85' lang='lat' dir='ltr'>fontem</span> 
     </span>
     <span class='ocr_line' id='line_1_33' title="bbox 274 2440 1964 2513; baseline 0.004 -24"><span class='ocrx_word' id='word_1_270' title='bbox 274 2444 565 2492; x_wconf 85' lang='lat' dir='ltr'>mutationis</span> <span class='ocrx_word' id='word_1_271' title='bbox 613 2444 801 2492; x_wconf 89' lang='lat' dir='ltr'>detexit</span> <span class='ocrx_word' id='word_1_272' title='bbox 849 2444 967 2494; x_wconf 88' lang='lat' dir='ltr'>Otto</span> <span class='ocrx_word' id='word_1_273' title='bbox 1015 2440 1271 2511; x_wconf 70' lang='lat' dir='ltr'>Muller1),</span> <span class='ocrx_word' id='word_1_274' title='bbox 1316 2446 1592 2495; x_wconf 79' lang='lat' dir='ltr'>&#39;illustravit</span> <span class='ocrx_word' id='word_1_275' title='bbox 1642 2446 1910 2495; x_wconf 84' lang='lat' dir='ltr'>Garrodius</span> <span class='ocrx_word' id='word_1_276' title='bbox 1922 2441 1964 2513; x_wconf 80' lang='grc'>2)</span> 
     </span>
     <span class='ocr_line' id='line_1_34' title="bbox 274 2518 1961 2582; baseline 0.004 -19"><span class='ocrx_word' id='word_1_277' title='bbox 274 2518 446 2578; x_wconf 87' lang='lat' dir='ltr'>paucis</span> <span class='ocrx_word' id='word_1_278' title='bbox 479 2518 738 2580; x_wconf 88' lang='lat' dir='ltr'>exemplis,</span> <span class='ocrx_word' id='word_1_279' title='bbox 771 2519 858 2567; x_wconf 91' lang='lat' dir='ltr'>sed</span> <span class='ocrx_word' id='word_1_280' title='bbox 897 2536 954 2567; x_wconf 92' lang='lat' dir='ltr'>ex</span> <span class='ocrx_word' id='word_1_281' title='bbox 985 2522 1127 2582; x_wconf 85' lang='lat' dir='ltr'>parte</span> <span class='ocrx_word' id='word_1_282' title='bbox 1161 2520 1321 2568; x_wconf 89' lang='lat' dir='ltr'>minus</span> <span class='ocrx_word' id='word_1_283' title='bbox 1354 2520 1557 2570; x_wconf 86' lang='lat' dir='ltr'>idoneis.</span> <span class='ocrx_word' id='word_1_284' title='bbox 1634 2536 1750 2568; x_wconf 91' lang='lat' dir='ltr'>nam</span> <span class='ocrx_word' id='word_1_285' title='bbox 1786 2524 1831 2582; x_wconf 86' lang='lat'>1,</span> <span class='ocrx_word' id='word_1_286' title='bbox 1859 2522 1961 2569; x_wconf 88' lang='grc'>356</span> 
     </span>
     <span class='ocr_line' id='line_1_35' title="bbox 274 2588 1964 2661; baseline 0.003 -23"><span class='ocrx_word' id='word_1_287' title='bbox 274 2593 467 2650; x_wconf 73' lang='lat' dir='ltr'>aymine</span> <span class='ocrx_word' id='word_1_288' title='bbox 497 2593 640 2650; x_wconf 76' lang='lat' dir='ltr'>facto,</span> <span class='ocrx_word' id='word_1_289' title='bbox 675 2593 809 2654; x_wconf 91' lang='lat' dir='ltr'>quod</span> <span class='ocrx_word' id='word_1_290' title='bbox 842 2596 1001 2641; x_wconf 87' lang='lat' dir='ltr'>exstat</span> <span class='ocrx_word' id='word_1_291' title='bbox 1033 2595 1085 2641; x_wconf 91' lang='lat' dir='ltr'>in</span> <span class='ocrx_word' id='word_1_292' title='bbox 1117 2596 1181 2642; x_wconf 64' lang='grc' dir='ltr'>ΡΟ</span> <span class='ocrx_word' id='word_1_293' title='bbox 1193 2615 1253 2655; x_wconf 81' lang='grc' dir='ltr'>ω,</span> <span class='ocrx_word' id='word_1_294' title='bbox 1287 2594 1577 2658; x_wconf 76' lang='lat' dir='ltr'>Vergiliana</span> <span class='ocrx_word' id='word_1_295' title='bbox 1610 2596 1910 2643; x_wconf 84' lang='lat' dir='ltr'>auctoritate</span> <span class='ocrx_word' id='word_1_296' title='bbox 1922 2588 1964 2661; x_wconf 74' lang='lat'>3)</span> 
     </span>
     <span class='ocr_line' id='line_1_36' title="bbox 275 2668 1963 2729; baseline 0.002 -18"><span class='ocrx_word' id='word_1_297' title='bbox 275 2679 376 2712; x_wconf 87' lang='lat' dir='ltr'>esse</span> <span class='ocrx_word' id='word_1_298' title='bbox 403 2668 687 2727; x_wconf 87' lang='lat' dir='ltr'>corruptam</span> <span class='ocrx_word' id='word_1_299' title='bbox 721 2682 779 2713; x_wconf 91' lang='lat' dir='ltr'>ex</span> <span class='ocrx_word' id='word_1_300' title='bbox 804 2669 1019 2729; x_wconf 89' lang='lat' dir='ltr'>genuina</span> <span class='ocrx_word' id='word_1_301' title='bbox 1044 2669 1253 2716; x_wconf 89' lang='lat' dir='ltr'>lectione</span> <span class='ocrx_word' id='word_1_302' title='bbox 1278 2671 1471 2729; x_wconf 67' lang='lat' dir='ltr'>aymine</span> <span class='ocrx_word' id='word_1_303' title='bbox 1494 2683 1669 2729; x_wconf 72' lang='lat' dir='ltr'>mayno</span> <span class='ocrx_word' id='word_1_304' title='bbox 1694 2670 1963 2717; x_wconf 90' lang='lat' dir='ltr'>rectissime</span> 
     </span>
    </p>
   </div>
   <div class='ocr_carea' id='block_1_5' title="bbox 392 2806 1414 2984">
    <p class='ocr_par' dir='ltr' id='par_1_7' title="bbox 392 2806 1414 2984">
     <span class='ocr_line' id='line_1_37' title="bbox 394 2806 1316 2864; baseline 0.004 -16"><span class='ocrx_word' id='word_1_305' title='bbox 394 2807 436 2862; x_wconf 93' lang='lat'>1)</span> <span class='ocrx_word' id='word_1_306' title='bbox 468 2806 518 2849; x_wconf 90' lang='lat' dir='ltr'>in</span> <span class='ocrx_word' id='word_1_307' title='bbox 550 2807 855 2852; x_wconf 84' lang='lat' dir='ltr'>adnotatione</span> <span class='ocrx_word' id='word_1_308' title='bbox 889 2809 948 2851; x_wconf 85' lang='lat' dir='ltr'>ad</span> <span class='ocrx_word' id='word_1_309' title='bbox 981 2808 1124 2852; x_wconf 90' lang='lat' dir='ltr'>Theb.</span> <span class='ocrx_word' id='word_1_310' title='bbox 1154 2814 1192 2864; x_wconf 93' lang='lat'>1,</span> <span class='ocrx_word' id='word_1_311' title='bbox 1218 2814 1316 2853; x_wconf 85' lang='lat'>356.</span> 
     </span>
     <span class='ocr_line' id='line_1_38' title="bbox 392 2865 792 2922; baseline 0.008 -15"><span class='ocrx_word' id='word_1_312' title='bbox 392 2867 435 2920; x_wconf 83' lang='lat'>2)</span> <span class='ocrx_word' id='word_1_313' title='bbox 468 2866 613 2922; x_wconf 84' lang='lat' dir='ltr'>praef.</span> <span class='ocrx_word' id='word_1_314' title='bbox 646 2881 691 2922; x_wconf 88' lang='lat' dir='ltr'>p.</span> <span class='ocrx_word' id='word_1_315' title='bbox 717 2865 792 2910; x_wconf 91' lang='lat' dir='ltr'>XI.</span> 
     </span>
     <span class='ocr_line' id='line_1_39' title="bbox 393 2925 1414 2984; baseline 0.003 -17"><span class='ocrx_word' id='word_1_316' title='bbox 393 2928 435 2977; x_wconf 85' lang='lat'>3)</span> <span class='ocrx_word' id='word_1_317' title='bbox 470 2925 526 2968; x_wconf 84' lang='lat' dir='ltr'>cf.</span> <span class='ocrx_word' id='word_1_318' title='bbox 560 2925 674 2968; x_wconf 83' lang='lat' dir='ltr'>Aen.</span> <span class='ocrx_word' id='word_1_319' title='bbox 703 2930 742 2980; x_wconf 92' lang='lat'>1,</span> <span class='ocrx_word' id='word_1_320' title='bbox 768 2930 836 2969; x_wconf 89' lang='lat'>83.</span> <span class='ocrx_word' id='word_1_321' title='bbox 872 2930 913 2980; x_wconf 86' lang='lat'>8,</span> <span class='ocrx_word' id='word_1_322' title='bbox 939 2930 1024 2970; x_wconf 81' lang='lat'>595</span> <span class='ocrx_word' id='word_1_323' title='bbox 1059 2925 1222 2984; x_wconf 82' lang='lat' dir='ltr'>Georg.</span> <span class='ocrx_word' id='word_1_324' title='bbox 1250 2933 1289 2982; x_wconf 88' lang='lat'>3,</span> <span class='ocrx_word' id='word_1_325' title='bbox 1317 2932 1414 2970; x_wconf 81' lang='lat'>167.</span> 
     </span>
    </p>
   </div>
   <div class='ocr_carea' id='block_1_6' title="bbox 2050 0 2132 3152">
    <p class='ocr_par' dir='ltr' id='par_1_8' title="bbox 2050 0 2132 3152">
     <span class='ocr_line' id='line_1_40' title="bbox 2050 0 2132 3152; baseline 0 0"><span class='ocrx_word' id='word_1_326' title='bbox 2050 0 2132 3152; x_wconf 95' lang='lat' dir='ltr'> </span> 
     </span>
    </p>
   </div>
  </div>
 </body>
</html>
