2040 3164
649 101 990 147 THEBAIDOS
1024 101 1135 147 LIB.
1163 101 1280 146 VIII.
1704 99 1813 151 315

113 241 286 311 qualis
327 241 392 293 ab
433 239 664 294 Arcadio
705 239 863 292 rediit
902 239 1219 308 Tirynthius
1259 240 1414 290 antro

111 316 487 399 captivomque
529 333 678 367 suem
717 313 1074 367 clamantibus
1115 312 1302 366 intulit
1340 310 1519 382 Argis.
1728 323 1813 363 750

225 389 452 462 erigitur
489 389 703 458 Tydeus
742 388 1000 457 voltuque
1042 388 1274 441 occurrit
1314 394 1368 439 et
1408 404 1587 439 amens

111 465 424 534 laetitiaque
464 464 664 533 iraque,
703 467 763 516 ut
804 463 1159 533 singultantia
1197 461 1334 514 vidit

111 559 205 593 ora
242 538 490 608 trahique
530 537 714 591 oculos
756 555 975 607 seseque
1016 537 1273 608 adgnovit
1313 537 1370 588 in
1410 535 1520 603 illo,

110 615 341 684 imperat
379 613 646 666 abscisum
685 613 859 683 porgi,
898 613 1154 681 laevaque
1193 613 1468 680 receptum

110 692 316 759 spectat
355 691 511 741 atrox
549 687 747 740 hostile
787 690 962 756 caput,
1003 686 1289 757 gliscitque
1328 685 1562 754 tepentis
1725 696 1811 736 755

108 763 312 816 lumina
350 765 503 815 torva
540 762 726 814 videns
767 765 820 815 et
859 761 1033 814 adhuc
1073 761 1376 813 dubitantia
1414 759 1524 829 figi.

107 839 298 891 infelix
338 840 621 891 contentus
662 839 797 889 erat:
838 835 960 905 plus
1002 835 1171 906 exigit
1210 834 1377 887 ultrix

110 913 424 982 Tisiphone3
464 912 677 979 iamque
718 911 914 964 inflexo
956 910 1201 963 Tritonia
1239 912 1392 978 patre

109 990 324 1039 venerat
365 989 418 1039 et
456 986 651 1039 misero
693 986 852 1038 decus
891 986 1178 1038 inmortale
1216 984 1438 1052 ferebat,

107 1065 270 1130 atque
309 1060 464 1113 illum
503 1061 708 1112 effracti
747 1060 1024 1129 perfusum
1062 1059 1188 1112 tabe
1229 1059 1433 1111 cerebri
1726 1070 1811 1110 760

107 1137 302 1205 aspicit
341 1139 394 1188 et
432 1136 555 1187 vivo
597 1135 945 1187 scelerantem
987 1134 1246 1204 sanguine
1284 1134 1466 1186 fauces
1510 1164 1576 1168 —

106 1229 205 1263 nec
245 1210 467 1263 comites
507 1210 715 1262 auferre
754 1209 935 1261 valent
974 1229 1067 1261 -—:
1109 1209 1262 1260 stetit
1300 1226 1487 1277 aspera
1528 1206 1747 1277 Gorgon

109 1286 349 1339 crinibus
390 1285 597 1337 emissis
636 1285 878 1353 rectique
918 1287 1040 1336 ante
1082 1302 1175 1335 ora
1214 1285 1453 1336 cerastae

109 1361 352 1413 velavere
392 1359 568 1429 deam3
608 1359 750 1429 fugit
791 1361 1034 1411 aversata
1074 1358 1350 1427 iacentem,

106 1452 205 1488 nec
228 1435 378 1503 prius
406 1437 548 1486 astra
572 1433 733 1503 subit,
759 1452 919 1502 quam
944 1432 1174 1502 mystica
1196 1432 1402 1501 lampas
1428 1434 1481 1484 et
1506 1432 1690 1484 insons
1725 1445 1810 1485 765

106 1509 287 1562 Elisos
326 1508 499 1562 multa
538 1509 789 1579 purgavit
829 1507 1035 1560 lumina
1073 1507 1307 1576 lympha.

227 1675 312 1714 750
353 1671 481 1727 Sulp.
516 1670 611 1714 Sev.
646 1669 757 1713 dial.
792 1675 816 1713 2
844 1671 927 1727 (3),
955 1673 1032 1724 10,
1058 1673 1085 1712 4
1132 1669 1353 1712 nimirum
1400 1671 1454 1712 ut
1501 1669 1622 1712 dixit
1667 1671 1810 1726 poeta

106 1731 263 1776 nescio
296 1731 401 1786 quis
439 1756 490 1762 —
522 1730 701 1773 utimur
734 1729 858 1773 enim
889 1744 1025 1773 versu
1058 1729 1354 1784 scholastico,
1387 1729 1500 1784 quia
1523 1729 1647 1772 inter
1679 1729 1810 1773 scho-

107 1790 300 1835 lasticos
317 1789 586 1834 fabulamur
603 1816 660 1821 ——
678 1789 1010 1846 captivumque
1035 1803 1165 1832 suem
1189 1788 1471 1832 mirantibus
1488 1788 1653 1833 intulit
1671 1789 1809 1847 Argis

228 1959 312 1998 749
348 1954 471 1998 redit
503 1958 609 1998 BM:
658 1909 782 1998 rediit
815 1953 920 2001 Q¹f²
1057 1957 1143 1996 750
1177 1952 1516 2009 Captivomque
1555 1957 1609 1997 B:
1658 1968 1808 1997 --vum

106 2029 197 2071 que
228 2019 281 2057 P·
314 2027 532 2069 -vamque
565 2020 592 2055 C
686 2013 999 2057 clamantibus
1032 2016 1196 2057 ΡωΣε
1237 2012 1516 2056 mirantibus
1550 2013 1678 2070 Sulp.
1712 2014 1807 2059 Sev.

106 2075 187 2131 qui
231 2074 410 2118 videtur
456 2079 684 2118 auctorem
728 2073 1046 2118 scholasticum
1098 2073 1309 2117 habuisse
1362 2075 1683 2118 commentario
1738 2074 1809 2117 in-

105 2139 343 2188 muetum,
374 2134 429 2188 cf.
455 2137 505 2177 Σ
530 2148 635 2177 cum
662 2131 972 2177 admiratione
996 2132 1262 2176 faventibus
1356 2131 1480 2189 argis
1506 2147 1562 2177 εσυ
1586 2132 1726 2176 armis
1751 2132 1810 2175 13²

199 2227 282 2290 751
315 2204 538 2278 voltuque
562 2221 638 2265 Blz
667 2221 893 2278 vultuque
910 2227 962 2266 P:
987 2221 1245 2280 vultu{que
1261 2226 1288 2264 b
1384 2227 1406 2265 7
1413 2226 1468 2265 52
1495 2222 1751 2279 Laetiaque
1768 2228 1806 2267 f:

108 2327 361 2388 Laetiaque
393 2326 461 2369 Μ2
551 2328 604 2369 ut
633 2341 667 2371 s
695 2327 722 2370 Z.
756 2325 813 2368 Β2
936 2331 1020 2370 753
1053 2326 1269 2382 trahique
1303 2326 1505 2383 (traique
1530 2329 1579 2383 L>
1612 2341 1679 2371 w:
1714 2329 1808 2370 tra-

108 2378 271 2442 hitque
302 2391 356 2431 P:
395 2387 585 2442 tratque
617 2391 643 2428 S
744 2385 936 2443 agnovit
966 2391 998 2428 P
1131 2390 1217 2429 754
1247 2386 1436 2442 Inperat
1467 2391 1493 2429 b
1594 2385 1808 2430 abcisum

108 2445 150 2488 1¹
179 2448 232 2491 in
260 2461 374 2491 rasa
416 2445 675 2489 abscissum
707 2461 739 2490 ν
830 2445 965 2502 porgi
998 2460 1064 2490 w:
1113 2446 1178 2489 -ci
1209 2450 1242 2488 P
1339 2446 1566 2502 laevaque
1598 2461 1666 2490 w:
1707 2460 1807 2490 sae-

107 2519 308 2562 vumque
347 2510 379 2548 P
518 2509 603 2548 755
644 2505 797 2561 capud
836 2510 863 2548 b
1005 2510 1086 2549 757
1135 2505 1357 2549 adtentus
1389 2510 1415 2548 b
1524 2506 1642 2549 erit?
1689 2508 1806 2550 coni.

40 2629 42 2659 ³
111 2595 329 2640 Blenkius
442 2599 550 2661 '758
583 2594 710 2638 Tesi-
745 2598 869 2643 QMC
1002 2599 1085 2638 762
1119 2609 1296 2652 gorgon
1330 2594 1386 2643 αἳ
1525 2599 1608 2638 763
1642 2595 1805 2639 erecti-

38 2663 43 2748 1
109 2697 199 2740 que
215 2688 312 2732 Νςε
337 2663 559 2740 rectbque
576 2684 633 2725 13³
717 2686 925 2728 cerastae
949 2698 1005 2729 ea:
1028 2684 1119 2728 cel·
1144 2684 1194 2727 b¹
1289 2688 1374 2727 764
1398 2684 1524 2741 fugit
1546 2698 1602 2729 ex
1624 2684 1717 2728 fuit
1740 2690 1808 2727 ΙΝ

200 2748 283 2787 765
317 2743 463 2788 subiit
494 2747 559 2786 Bf
685 2747 770 2786 766
803 2743 972 2787 Elisios
1005 2759 1099 2797 ru:
1147 2744 1306 2787 Ilissos
1349 2744 1609 2788 Gronovius
1699 2751 1808 2801 post

75 2771 80 2775 ι
112 2806 196 2846 766
229 2802 424 2847 STATII
451 2829 458 2836 ·
484 2801 724 2846 POETAE
752 2828 759 2836 ·
786 2802 966 2846 LIBER,
992 2829 1000 2837 ·
1026 2803 1133 2847 VIII
1159 2829 1167 2837 ·
1194 2802 1469 2847 EXPLICIT
1497 2829 1504 2837 ·
1542 2806 1547 2860 Ι
1582 2802 1806 2848 INCIPIT

40 2872 43 2888 ¹
110 2860 379 2906 EIUSDEM
399 2889 406 2896 -
426 2862 604 2906 LIBER
624 2888 631 2895 ·
651 2862 779 2906 VIIII
797 2887 806 2895 ·
840 2867 872 2904 P

12 2896 13 2899 ‘
40 2893 44 2972 ¹
