2040 3164
590 817 1065 872 GORRIGENDA
1106 819 1199 872 ET
1228 776 1602 873 'ADDENDA

364 981 426 1023 In
458 981 556 1036 ipso
588 985 715 1025 textu
744 981 853 1025 haec
883 981 1107 1025 mutanda
1137 986 1265 1026 swnt:

458 1046 497 1094 1,
522 1043 609 1083 420
641 1040 782 1084 scribe
812 1039 1067 1096 Rhipaeae.

305 1100 413 1155 post
460 1103 499 1152 3,
528 1103 581 1142 72
645 1100 738 1143 dele
762 1103 1000 1156 punctum.

455 1163 496 1212 4,
522 1163 604 1202 371
637 1164 738 1214 post
769 1158 949 1215 equites
980 1165 1194 1204 commate
1225 1159 1467 1218 distinyue.

456 1222 497 1272 6,
523 1223 608 1262 376
640 1219 782 1262 scribe
813 1217 1009 1263 volvere.

456 1281 497 1332 8,
524 1282 578 1321 12
639 1279 782 1322 scribe
814 1279 1051 1334 paventes.

457 1341 497 1391 9,
525 1340 609 1381 902
642 1338 783 1382 scribe
812 1338 998 1381 frustm.

427 1401 496 1450 11,
525 1401 603 1440 161
638 1397 781 1441 scribe
811 1396 1066 1441 induerem.

430 1460 499 1509 11,
526 1459 610 1499 677
642 1457 784 1501 scribe
816 1456 1006 1500 saevire.

431 1520 499 1569 12,
526 1520 610 1559 242
643 1516 786 1560 scribe
817 1514 1110 1573 gelidaeque.

284 1575 391 1631 Arg.
428 1579 498 1629 12,
527 1579 581 1619 12
643 1575 786 1620 scribe
817 1574 1043 1619 immolat.

244 1638 482 1690 praeterea
512 1635 644 1679 velim
675 1635 863 1678 exarari
886 1635 1143 1679 maiuscula
1167 1633 1346 1679 initiali
1368 1634 1451 1678 has
1474 1647 1618 1679 voces:
1653 1638 1693 1688 1,
1720 1637 1805 1677 498
1828 1633 1946 1677 Nox.

248 1699 289 1748 3,
315 1698 402 1737 344
433 1693 591 1737 Fama.
656 1698 697 1748 3,
723 1698 808 1736 415
839 1693 955 1738 Nox.
1022 1698 1062 1748 3,
1089 1697 1174 1737 684
1206 1692 1436 1737 Plaustro.
1500 1697 1543 1747 3,
1569 1696 1653 1737 685
1696 1691 1945 1737 Oceanum.

248 1758 291 1808 4,
316 1757 402 1796 384
434 1752 590 1797 Arcto.
633 1758 674 1807 6,
699 1757 786 1797 240
817 1753 1098 1798 Nocturnus.
1142 1757 1180 1807 7,
1199 1757 1254 1796 37
1287 1751 1577 1797 Nimborum.
1619 1757 1660 1806 8,
1682 1757 1763 1796 152
1788 1752 1947 1796 Fama.

249 1817 290 1865 9,
316 1817 371 1856 32
403 1812 560 1856 Fama.
626 1816 694 1866 10,
723 1818 744 1856 1
779 1812 896 1856 Nox.
962 1816 1031 1867 10,
1058 1817 1114 1856 86
1147 1818 1189 1858 et
1221 1816 1305 1855 114
1336 1811 1513 1856 Noctis.
1579 1815 1648 1866 10,
1677 1815 1760 1856 156
1786 1810 1946 1868 Sopor.

251 1876 320 1926 10,
347 1876 431 1915 626
465 1871 620 1915 Fama.

374 1932 662 1976 Testimoniis
692 1931 908 1976 addenda
936 1931 1064 1976 haec:

429 1995 468 2044 7,
494 1994 601 2034 250:
633 1994 684 2035 Σ
707 1994 747 2045 7,
773 1995 855 2034 641
889 1989 1186 2035 Menoeceus:
1219 1989 1310 2034 iste
1334 1988 1583 2033 Thebanus
1609 1990 1694 2045 est,
1727 2001 1866 2044 quem
1895 1988 1948 2032 in
1987 2011 1990 2014 ⁴

249 2049 466 2107 catalogo
504 2049 712 2094 Phorbas
751 2049 1020 2107 Antigonae
1066 2048 1344 2093 monstravit
1389 2050 1577 2093 euntem
1622 2049 1746 2093 inter
1792 2047 1946 2092 duces.

250 2109 370 2152 dixit
400 2109 544 2153 enim:
578 2122 698 2165 quae
729 2111 887 2153 noster
920 2109 1056 2166 signa
1087 2108 1378 2152 Menoeceus.

430 2172 471 2221 9,
499 2173 606 2212 104:
655 2172 704 2212 Σ
734 2172 774 2222 9,
802 2173 886 2212 203
935 2182 1078 2225 supra
1124 2168 1248 2212 enim
1295 2167 1382 2227 [te]
1429 2166 1523 2211 telo
1570 2166 1774 2211 Eteoelis
1829 2165 1950 2210 dixit

249 2227 401 2271 femur
431 2227 823 2284 Hippomedontis
855 2227 1001 2272 fuisse
1032 2227 1325 2271 transfixum:
1359 2226 1484 2283 quod
1605 2227 1799 2270 tamen..

368 2288 431 2330 In
462 2293 696 2344 appoto-atu
726 2288 885 2332 critico
914 2288 1023 2332 haec
1052 2286 1336 2331 emendanda
1364 2291 1493 2331 swnt:

421 2362 471 2404 Ρ.
527 2349 587 2391 12
609 2361 647 2391 v.
673 2344 834 2391 ultimo
865 2351 972 2391 ante
1002 2345 1202 2390 alterum
1234 2346 1370 2390 adde:
1406 2349 1505 2389 239.

424 2420 472 2462 Ρ.
530 2409 590 2450 77
612 2421 651 2450 v.
678 2409 707 2450 3
737 2407 795 2451 ab
827 2406 916 2450 imo
948 2406 1058 2463 leye:
1094 2410 1147 2450 12
1181 2405 1304 2450 enim
1336 2409 1438 2449 Pw.
1800 2418 1890 2451 isio

423 2479 471 2522 Ρ.
527 2468 588 2510 81
611 2479 651 2510 v.
678 2468 707 2509 5
737 2465 796 2510 ab
828 2466 918 2509 imo
943 2465 1053 2522 leye:
1095 2468 1180 2508 100
1206 2464 1282 2508 Sic
1307 2469 1401 2508 SK:
1436 2462 1483 2507 Si
1511 2462 1584 2519 (Se
1601 2464 1643 2519 1)
1669 2467 1779 2507 Pw:
1822 2461 1870 2506 Si
1895 2467 1944 2505 D.

420 2538 471 2581 Ρ.
527 2527 588 2569 99
610 2538 649 2569 υ.
677 2528 704 2568 7
735 2525 793 2568 ab
824 2525 915 2568 imo
946 2525 1056 2582 leyc:
1091 2524 1332 2581 Apesanta
1363 2523 1549 2568 Mulier.

423 2598 473 2640 Ρ.
501 2587 588 2628 114
611 2598 651 2627 v.
675 2586 708 2628 2
737 2584 795 2628 ab
826 2584 917 2628 imo
939 2589 1047 2640 post
1076 2587 1165 2626 MD
1197 2583 1314 2627 adde
1346 2588 1387 2626 c.

424 2657 472 2699 Ρ.
499 2646 588 2686 119
611 2657 650 2687 v.
677 2646 709 2686 3
736 2644 792 2687 ab
824 2643 914 2686 imo
947 2643 1057 2700 leye:
1093 2646 1177 2685 124
1209 2643 1260 2686 at
1282 2647 1334 2686 P:
1368 2643 1416 2686 et
1439 2655 1498 2685 ω.

424 2717 473 2758 Ρ.
501 2705 590 2746 130
611 2715 652 2745 υ.
677 2704 738 2746 12
769 2702 828 2746 ab
858 2702 948 2746 imo
980 2702 1088 2759 leye:
1124 2704 1208 2745 309
1242 2700 1508 2745 athlanteas
1540 2713 1668 2754 τμν.

423 2776 473 2817 Ρ.
501 2764 589 2806 133
611 2775 651 2804 v.
679 2764 707 2804 7
738 2761 796 2806 ab
827 2761 919 2806 imo
950 2761 1061 2818 leye:
1095 2760 1201 2805 add.
1233 2764 1371 2803 P0L0.

429 2835 472 2876 Ρ.
499 2824 588 2864 154
612 2835 651 2864 v.
678 2825 733 2863 11
766 2819 824 2864 ab
855 2821 946 2864 imo
976 2819 1091 2864 dele:
1123 2820 1211 2877 fry.
1239 2820 1443 2864 Morzast.

423 2894 473 2936 Ρ.
499 2882 592 2923 189
615 2893 654 2924 v.
682 2883 736 2922 11
770 2880 827 2923 ab
858 2879 950 2923 imo
981 2879 1100 2923 dele:
1132 2884 1219 2924 tur.
