2092 3172
617 132 964 178 THEBAIDOS
995 132 1105 177 LIB.
1130 132 1207 176 ΠΙ.
1702 130 1773 183 79

0 296 1 327 ;
70 273 305 328 culmina
345 274 698 341 septenaeque
737 269 865 339 iugo
909 287 1224 323 concurrere
1263 271 1464 338 portae.

66 354 120 401 et
158 365 329 418 prope
370 350 495 398 sunt
536 363 745 398 causae:
787 344 965 415 gelido
1005 344 1275 397 remeabat
1313 343 1431 396 Eoo
1715 357 1775 395 40

2 436 4 491 ς
65 424 234 476 iratus
274 422 398 474 fatis
439 423 494 472 et
533 420 703 472 tristis
745 422 918 472 morte
956 421 1153 489 negata

63 496 448 565 Haemonides3
486 494 714 547 necdum
755 512 848 546 ora
887 496 1089 563 patent,
1130 493 1432 561 dubiusque
1470 493 1651 546 notari

3 583 5 644 j
65 572 220 642 signa
259 570 419 624 dabat
458 588 683 640 magnae
722 570 884 638 longe
924 568 1211 620 manifesta
1248 568 1434 620 ruinae

3 655 6 700 ἐ
62 647 391 717 planctuque
431 647 484 696 et
523 645 750 715 gemitu3
789 645 1036 696 lacrimas
1074 661 1200 696 nam
1237 642 1486 712 protinus
1529 642 1702 694 omnis

4 717 8 748 ⁵
62 720 287 774 fuderat.
363 718 508 771 haud
548 718 706 771 aliter
746 717 887 771 saltu
927 718 1223 770 devertitur
1262 717 1424 770 orbus
1712 731 1774 769 45>

5 790 7 809 ¹
61 798 248 866 pastor
287 794 354 846 ab
394 797 665 864 agrestum
705 796 972 847 nocturna
1010 795 1187 862 strage
1226 792 1497 860 luporum,

64 871 215 923 cuius
255 869 383 922 erile
421 886 583 937 pecus
625 867 776 920 silvis
817 868 1070 936 inopinus
1110 866 1293 937 abegit

62 945 234 998 imber
273 947 327 996 et
363 942 620 996 hibernae
660 945 882 995 ventosa
922 941 1200 994 cacumina
1236 942 1417 993 lunae:
1475 955 1480 962 ’

61 1019 180 1072 luce
219 1021 407 1088 patent
447 1017 657 1087 caedes3
697 1017 914 1070 domino
954 1016 1191 1085 perferre
1229 1018 1470 1069 recentes

62 1094 176 1163 ipse
216 1093 371 1146 timet
411 1110 579 1160 casm,
618 1091 920 1160 haustaque
959 1090 1208 1144 informis
1246 1089 1447 1143 harena
1713 1104 1773 1143 50

63 1168 340 1237 questibus
380 1166 568 1236 implet
609 1184 782 1236 agros,
823 1166 1129 1235 stabulique
1170 1165 1387 1218 silentia
1425 1165 1608 1236 magni

63 1243 176 1298 odit
216 1246 269 1295 et
309 1243 534 1295 amissos
573 1243 739 1312 longo
781 1240 885 1293 ciet
926 1240 1111 1294 ordine
1150 1244 1348 1293 tauros.

118 1333 123 1335 ·
173 1317 328 1370 illum
369 1321 652 1387 congestae
691 1319 970 1385 portarum
1011 1315 1075 1367 ad
1116 1314 1304 1367 limina
1342 1316 1539 1367 matres

60 1396 122 1444 ut
161 1392 336 1446 solum
375 1391 554 1444 videre
599 1422 666 1428 —
704 1391 877 1443 nefas!
917 1421 989 1428 ——
1029 1392 1178 1442 nulla
1218 1390 1456 1460 agmina·
1475 1390 1677 1443 circum

59 1467 541 1537 magnanimosque
582 1466 757 1534 duceS‚
795 1465 875 1518 nil
913 1483 1072 1517 ausae
1113 1482 1365 1534 quaerere
1405 1464 1607 1516 tollunt
1711 1476 1772 1516 55

61 1541 360 1610 clamorem,
401 1540 575 1610 qualis
616 1540 756 1592 bello
799 1558 1080 1609 supremus
1121 1539 1319 1608 apertis

59 1616 298 1686 urbibuS‚
339 1619 432 1668 aut
470 1616 662 1685 pelago
702 1616 809 1667 iam
851 1614 1200 1667 descendente
1241 1613 1433 1666 carina.

60 1694 122 1744 ut
159 1690 393 1759 primum
431 1689 594 1742 invisi
634 1689 828 1759 cupido
871 1689 994 1742 data
1035 1689 1188 1757 copia
1226 1689 1391 1759 regis:

63 1765 220 1819 ‘hanc
259 1765 361 1818 tibi
401 1765 464 1817 de
503 1767 656 1816 tanto
698 1765 863 1817 donat
900 1765 1046 1817 ferus
1087 1763 1300 1834 agmine
1339 1762 1553 1832 Tydeus

61 1839 330 1893 infelicem
371 1840 620 1907 animam,
660 1840 770 1892 sive
808 1838 940 1892 haec
980 1839 1245 1892 sententia
1285 1837 1482 1906 divum,
1712 1851 1772 1890 60

181 2045 555 2090 TESTIMONIA
611 2050 666 2089 52
725 2046 866 2091 Class.
915 2050 1033 2090 auct.
1077 2044 1147 2089 ed.
1189 2043 1287 2087 Mai
1326 2044 1389 2087 IX
1433 2059 1478 2100 p.
1524 2048 1607 2087 113
1664 2042 1769 2088 cieo

63 2105 235 2151 dicitur
265 2119 529 2163 provocare,
560 2105 687 2149 unde
721 2104 900 2149 Statius
932 2104 1220 2149 Thebaidos:
1254 2104 1356 2148 odit
1383 2139 1421 2147 ..
1446 2106 1605 2147 tauros

37 2278 39 2300 A

37 2302 39 2354 Ι
182 2335 236 2374 39
271 2343 547 2387 consurgere
587 2330 812 2374 Schrader
946 2333 1004 2372 40
1038 2286 1155 2372 ³siilixtt
1173 2328 1242 2377 qk
1366 2332 1422 2371 42
1466 2327 1622 2372 notari
1653 2332 1764 2372 Pw:

38 2389 226 2447 {negari
257 2405 312 2435 ea:
342 2403 448 2434 nec·
480 2389 532 2432 b²
675 2393 730 2432 43
765 2388 912 2432 dabat
944 2403 1011 2433 w:
1060 2387 1200 2432 —bant
1237 2393 1269 2430 P
1382 2387 1624 2432 minifesta
1655 2392 1677 2429 f

64 2452 120 2492 44
153 2463 310 2494 omnes
343 2454 376 2492 P
497 2453 553 2493 45
586 2448 704 2492 haut
733 2453 786 2493 P:
821 2450 904 2492 aut
936 2448 992 2491 Βι
1085 2447 1335 2492 divertitur
1362 2453 1395 2490 1.
1487 2446 1611 2491 orbis
1646 2452 1674 2489 c

65 2542 119 2582 46
153 2519 367 2596 agrestum
397 2539 437 2581 1¹
542 2538 761 2595 luparum
801 2552 856 2582 ex
893 2553 997 2594 -pu-
1030 2537 1071 2580 f¹
1207 2542 1262 2580 47
1299 2536 1427 2581 silvis
1467 2523 1541 2581 em*
1562 2536 1691 2580 suuis
1723 2536 1765 2579 1⁶¹

65 2597 225 2656 abegit
254 2603 363 2643 Pw:
412 2598 575 2655 adegit
614 2598 833 2652 Ellisiu83
882 2597 1011 2642 silvis
1060 2596 1222 2654 abegit
1267 2597 1475 2654 intelleyo
1515 2597 1578 2641 ad
1622 2598 1766 2641 silvas

65 2657 212 2714 abeyit
375 2662 430 2701 48
471 2657 612 2701 lunae
657 2672 723 2701 w:
780 2656 887 2700 luae
928 2662 960 2700 P
1009 2659 1188 2714 (nempe
1227 2658 1278 2700 in
1317 2657 1411 2701 cod.
1453 2657 1638 2701 Iuliani
1670 2657 1767 2711 fuit

65 2729 223 2775 LVAE
255 2733 312 2787 cf.
340 2737 381 2787 1,
406 2733 511 2788 334)
650 2736 704 2774 52
740 2731 982 2775 ammissos
1013 2747 1036 2774 r
1171 2735 1227 2774 54
1261 2730 1435 2775 circum
1467 2746 1533 2774 w:
1576 2730 1700 2775 circa
1731 2735 1766 2773 P

154 2795 209 2834 55
240 2792 621 2848 magnanimosve
655 2792 1006 2845 Lachmamms,
1038 2792 1096 2845 cf.
1133 2791 1307 2835 Mu'ller
1339 2790 1401 2834 ad
1433 2793 1593 2844 3,377
1626 2790 1762 2834 Han-

39 2877 41 2883 ν
66 2849 170 2894 dius
199 2852 262 2896 ad
293 2853 404 2897 Stat.
440 2852 547 2897 Silv.
576 2855 618 2906 1,
642 2855 687 2905 2,
713 2855 802 2895 160
824 2865 874 2907 p.
900 2855 993 2895 281
1116 2849 1185 2893 nil
1231 2854 1425 2904 ΡΚμνε
1472 2849 1594 2893 nihil
1625 2865 1670 2894 ω

68 2911 124 2952 56
162 2908 285 2954 bello
326 2910 478 2967 qualis
517 2916 553 2954 1)
668 2925 943 2967 suppremus
983 2915 1062 2953 Mb
1217 2914 1271 2952 57
1307 2909 1618 2954 descendente
1651 2914 1762 2954 Pw:

67 2966 307 3014 desidente
339 2971 563 3015 Heinsius
593 2971 785 3025 fortasse
815 2976 942 3025 recte,
972 2970 1049 3014 secl
1080 2970 1137 3024 cf.
1175 2970 1273 3013 Val.
1300 2970 1350 3013 F
1357 2969 1464 3014 lace.
1491 2973 1537 3024 8,
1554 2972 1647 3015 332
