2132 3152
297 77 374 120 XL
810 74 1090 120 EDITORIS
1123 74 1463 120 PRAEFATIO

297 219 416 266 tulit
447 217 690 265 librorum
728 218 1178 278 manuscriptorum
1217 218 1446 264 notitiam
1488 216 1668 265 habere
1703 219 1809 280 ipse
1842 234 1990 281 quam

296 294 507 340 maxime
540 291 742 339 moleste
775 292 892 338 fero.
957 291 1040 339 sed
1071 292 1123 338 in
1155 293 1297 338 tanto
1330 307 1534 339 numero
1567 293 1793 340 codicum
1825 309 1989 355 super-

297 367 471 415 stitum
504 382 603 413 non
627 366 771 413 unius
798 367 873 413 est
895 365 1110 414 hominis
1134 365 1426 426 praesertim
1451 366 1692 429 occupati,
1726 384 1782 414 ex
1816 367 1990 416 biblio-

295 441 451 489 thecis
490 439 777 503 longinquis
818 439 1012 488 abditos
1045 455 1212 487 eruere
1243 440 1517 488 thesauros.
1578 443 1747 489 tamen
1779 444 1828 489 et
1860 442 1990 503 quod

298 517 453 576 potui,
485 516 582 562 feci
620 530 710 562 nec
743 531 819 560 me
854 514 1150 562 destiturum
1190 514 1422 576 spondeo,
1455 516 1500 562 si
1541 515 1660 577 quid
1692 517 1819 564 forte
1850 516 1991 564 inda-

297 605 414 653 gare
439 590 601 649 liceat,
628 588 754 636 unde
781 590 870 636 aut
895 589 956 635 ad
975 587 1109 636 Stati
1124 588 1276 636 verba
1298 590 1604 637 restituenda
1629 591 1718 638 aut
1741 590 1804 638 ad
1827 592 1990 640 textus

297 664 558 712 historiam
592 663 987 711 constituendam
1020 663 1216 711 utilitas
1246 663 1502 711 redundet.
1565 680 1681 712 nam
1715 667 1842 713 sicut
1866 664 1991 712 illud

296 754 476 786 munus
509 739 578 785 eis
613 753 734 799 quos
766 739 993 786 novimus
1017 737 1159 785 libris
1184 737 1354 799 perfici
1376 753 1519 800 posse
1550 738 1674 786 mihi
1704 755 1794 801 pro
1827 740 1991 802 explo-

296 815 408 860 rato
435 815 522 872 est,
555 814 629 859 ita
655 811 718 859 ad
743 813 951 860 alteram
976 814 1171 874 partem
1197 812 1348 860 officii
1371 828 1514 875 spero
1538 812 1672 861 haud
1701 829 1862 875 pauca
1887 829 1990 862 esse

298 902 569 948 accessura,
610 886 790 948 quibus
832 903 956 948 quae
989 888 1299 935 coniecturae
1338 887 1446 935 1000
1486 903 1666 950 ponere
1699 904 1829 937 nunc
1860 889 1990 952 cogi-

297 978 422 1022 mur,
455 963 542 1008 aut
574 960 909 1010 demonstrare
943 963 1033 1009 aut
1064 962 1291 1023 supplere
1324 962 1485 1010 liceat.

795 1118 1062 1173 OAPVT
1102 1118 1494 1173 ALTERVM

987 1207 1044 1251 de
1078 1207 1223 1264 stirpe
1255 1223 1300 1251 ω

409 1320 577 1352 eorum
602 1304 826 1352 codicum
851 1319 974 1366 quos
1000 1303 1361 1366 descripsimus,
1393 1304 1590 1352 nullum
1622 1321 1679 1352 ex
1704 1306 1860 1355 altero
1887 1321 1991 1355 esse

294 1381 651 1440 transcriptum
684 1381 874 1427 certum
915 1380 1002 1426 est.
1065 1394 1154 1426 nec
1193 1380 1356 1426 minus
1390 1394 1557 1427 omnes
1595 1394 1677 1427 eos
1710 1380 1901 1428 codices
1934 1396 1991 1428 ex

294 1469 394 1501 una
419 1455 571 1515 stirpe
598 1469 701 1502 esse
726 1456 1010 1515 procreatos
1035 1455 1084 1500 in
1111 1453 1376 1516 propatulo
1401 1454 1487 1501 est.
1521 1456 1835 1502 consentiunt
1860 1457 1991 1503 enim

295 1544 394 1575 non
427 1528 589 1576 solum
620 1530 671 1574 in
704 1528 894 1575 mendis
925 1529 1097 1590 paucis
1131 1527 1342 1589 quidem,
1376 1528 1419 1576 si
1450 1527 1611 1590 operis
1646 1528 1886 1576 ambitum
1916 1546 1990 1578 re-

297 1603 528 1663 spexeris,
562 1602 645 1650 sed
678 1603 863 1651 talibus
890 1602 1060 1664 quales
1093 1618 1191 1650 non
1217 1619 1274 1648 ex
1306 1618 1406 1650 una
1431 1602 1662 1663 editione,
1695 1603 1780 1651 sed
1812 1620 1869 1652 ex
1892 1620 1990 1652 uno

295 1677 422 1725 libro
448 1676 659 1739 pendere
684 1678 1003 1725 manifestum
1037 1678 1114 1724 sit.
1162 1693 1278 1725 nam
1311 1676 1647 1739 compluribus
1680 1678 1816 1739 locis,
1851 1681 1907 1727 ut
1931 1678 1990 1726 de

297 1751 407 1799 aliis
450 1752 741 1813 corruptelis
781 1767 880 1799 non
912 1751 1088 1811 dicam,
1123 1751 1330 1799 lacunae
1363 1753 1535 1799 extant
1566 1750 1744 1799 damno
1778 1755 1990 1800 exterius

296 1826 450 1873 allato
484 1826 684 1873 effectae
717 1842 806 1874 nec
837 1828 1008 1873 tamen
1035 1827 1301 1887 quicquam
1327 1825 1604 1888 antiquitus
1636 1825 1880 1874 traditum
1904 1828 1990 1874 ha-

296 1900 479 1961 bemus,
519 1899 616 1948 nisi
657 1917 764 1948 eam
803 1901 1067 1948 lectionem
1100 1915 1250 1962 quam
1290 1915 1379 1948 nos
1411 1900 1465 1947 in
1497 1900 1745 1948 codicibus
1779 1901 1989 1965 legimus

297 1977 384 2022 aut
414 1974 574 2036 ipsam
607 1976 695 2022 aut
726 1975 1073 2022 adulteratam.

408 2064 576 2097 versus
610 2051 740 2097 certe
762 2051 955 2113 integer
978 2049 1127 2110 periit
1150 2050 1265 2111 post
1291 2048 1439 2096 Theb.
1469 2051 1516 2109 9,
1545 2049 1647 2096 759
1675 2065 1771 2111 quo
1798 2049 1857 2097 de
1881 2050 1989 2098 loco

296 2125 428 2171 recte
461 2122 704 2171 iudicavit
735 2116 977 2189 Weber.¹)
1041 2139 1157 2171 nam
1198 2139 1343 2184 quem
1374 2138 1573 2171 versum
1603 2123 1898 2172 recentiores
1931 2124 1988 2171 11-

296 2197 449 2244 brarii
473 2199 894 2259 interposuerunt,
917 2214 1024 2246 eum
1048 2197 1225 2245 merito
1248 2199 1588 2259 expunxerunt
1604 2196 1830 2246 editores.
1857 2198 1989 2260 quod

298 2287 413 2320 vero
441 2270 709 2319 Garrodius
742 2272 880 2320 hiare
914 2274 1185 2320 orationem
1218 2287 1317 2319 non
1343 2271 1582 2335 agnoscit,
1613 2272 1760 2334 plane
1792 2288 1890 2320 non
1913 2274 1987 2320 in-

296 2346 493 2409 tellego.
543 2346 802 2394 dicendum
836 2349 911 2394 est
935 2347 1063 2393 enim
1091 2345 1223 2408 quod
1246 2346 1426 2394 vulnus
1451 2346 1578 2394 alter
1609 2362 1667 2394 ex
1690 2345 1988 2394 Abantiadis

297 2422 556 2483 acceperit,
587 2420 636 2467 id
672 2420 804 2481 quod
835 2435 863 2475 ς
896 2422 1027 2468 recte
1053 2423 1320 2468 senserunt.
1363 2420 1421 2467 de
1452 2419 1657 2482 reliquis
1691 2422 1856 2468 autem
1881 2437 1986 2469 ver-

297 2510 438 2542 suum
471 2496 691 2542 totorum
722 2496 912 2543 lacunis
945 2490 1169 2542 dubitari
1201 2509 1343 2556 posse
1376 2494 1601 2543 concedo,

407 2568 568 2616 medio
600 2584 715 2617 vero
747 2569 799 2616 in
831 2584 975 2617 versu
1005 2569 1117 2630 plus
1150 2569 1300 2616 semel
1329 2569 1508 2617 lacuna
1541 2570 1720 2616 exstat:

451 2644 495 2702 1,
523 2644 623 2690 291
665 2642 878 2691 Obtestor
908 2658 1199 2691 mansurum
1238 2646 1280 2690 et
1309 2642 1626 2691 inrevocabile
1656 2657 1824 2691 verum
1855 2643 1985 2691 codi-

298 2732 374 2764 ces
415 2732 581 2764 omnes
623 2717 854 2765 exhibent
893 2717 991 2765 nisi
1032 2717 1162 2778 quod
1201 2717 1253 2763 in
1293 2716 1647 2765 recentioribus
1687 2716 1987 2778 quibusdam

317 2844 460 2955 19051))
494 2811 713 2945 (163681ῖοὺί
754 2843 911 2887 codice
952 2841 1218 2887 Cassellano
1261 2847 1374 2888 1853
1414 2858 1458 2900 p.
1494 2846 1563 2887 20.
1634 2841 1690 2886 cf.
1732 2841 1886 2886 Herm.
1927 2847 1984 2887 40

479 2916 522 2957 p.
642 2937 650 2946 .
