2066 3178
657 86 939 131 EDITORIS
973 85 1315 130 PRAEFATIO
1730 85 1836 130 XIX

135 230 253 278 data
286 232 430 279 erant
460 231 541 279 vel
581 229 793 279 madore.
858 231 1025 276 tamen
1059 244 1167 278 cum
1202 228 1387 291 partim
1421 228 1480 276 de
1514 243 1618 288 suo,
1650 229 1835 290 partim

135 306 194 352 de
226 305 354 353 libro
387 304 653 353 admodum
679 306 864 353 recenti
876 296 916 370 l)
944 303 1218 352 doctrinam
1243 304 1560 366 prompserit,
1592 318 1705 351 raro
1732 302 1836 351 eius

135 380 564 428 emendationibus
604 381 681 428 uti
719 393 994 442 possumus.
1059 394 1098 426 e.
1125 395 1171 441 g.
1216 380 1298 441 12,
1328 379 1430 425 5713
1475 394 1572 440 quo
1604 378 1713 426 loco
1747 394 1836 440 pro

134 455 331 502 nomine
362 456 496 502 sinin
528 470 558 503 a
589 449 655 503 Β1
690 453 870 502 omisso
902 455 1121 501 sinonem
1151 445 1222 501 Β2
1254 451 1459 514 addidit,
1493 467 1592 514 qua
1624 453 1836 500 lectione

135 531 380 578 consentit
413 544 523 576 cum
555 531 800 589 Heba,
834 530 1081 577 corrector
1112 527 1197 575 ille
1222 520 1291 575 B3
1322 528 1528 576 busirim
1563 527 1837 587 substituit,

134 604 415 652 coniectura
447 605 595 666 plane
620 604 793 652 futtili.
843 604 944 651 alia
967 618 1046 650 res
1072 605 1147 650 est
1179 603 1237 650 de
1261 595 1342 650 ΒΞ.
1391 618 1506 650 nam
1533 618 1838 665 quamquam

133 678 381 742 permulta
413 679 515 726 iam
547 679 609 726 ab
633 681 741 741 ipso
767 679 971 726 librario
997 680 1217 726 correcta
1241 679 1374 738 sunt,
1399 679 1568 726 tamen
1595 677 1837 739 quaedam

132 747 201 802 Β2
232 754 530 815 emendavit,
565 755 652 816 qui
685 753 806 815 quin
838 752 1003 802 codice
1030 753 1247 814 quodam
1271 767 1387 800 usus
1421 754 1499 814 sit,
1532 751 1618 801 sed
1650 768 1746 799 non
1782 767 1838 799 eo

133 829 237 877 solo
263 828 392 876 unde
416 821 485 876 Β1
509 845 598 877 sua
622 829 805 890 hausit,
828 844 928 876 non
954 829 1028 876 est
1053 827 1273 876 dubium.
1318 843 1435 875 nam
1461 829 1508 886 3,
1536 828 1640 875 553
1669 842 1840 875 vocem

133 905 219 952 hoc
253 920 281 950 a
312 899 378 952 Β1
413 905 650 952 omissam
682 903 948 965 supplevit,
984 918 1132 964 quam
1164 918 1262 950 non
1295 902 1614 966 neglegentia
1645 902 1835 950 librarii

131 972 198 1026 Β1
231 979 468 1027 excidisse
495 994 734 1027 consensu
767 978 949 1026 codicis
973 981 1010 1025 b
1036 977 1288 1040 probatur.
1341 977 1388 1039 8,
1418 979 1521 1025 742
1557 978 1750 1026 arcadii
1771 970 1840 1024 B1

133 1054 347 1116 scripsit.
411 1070 523 1102 cum
554 1053 686 1100 idem
717 1054 771 1100 in
805 1047 911 1108 Qfl
941 1053 1154 1116 legatur,
1186 1052 1508 1100 manifestum
1541 1053 1630 1114 est,
1662 1052 1755 1100 hoc
1786 1054 1837 1099 in

133 1128 403 1191 exemplari
443 1128 624 1177 codicis
655 1133 700 1176 B
740 1129 909 1176 fuisse.
979 1129 1151 1189 itaque
1200 1127 1333 1190 quod
1371 1119 1441 1175 Β2
1472 1128 1686 1175 correxit
1717 1128 1840 1175 atrei

133 1197 228 1271 (sic
259 1207 357 1251 Ρω
372 1196 439 1270 Σ)
473 1203 672 1251 aliunde
705 1205 919 1265 petitum
950 1203 1162 1251 videtur.

243 1278 600 1342 Bambergensi
634 1280 683 1326 et
708 1279 872 1326 aetate
900 1281 949 1325 et
973 1279 1133 1339 pretio
1167 1293 1354 1340 suppar
1386 1279 1460 1326 est
1492 1277 1674 1325 codex
1698 1276 1839 1339 Lip-
1865 1282 1910 1326 L

133 1354 355 1401 siensis
395 1353 525 1402 Bibl.
551 1352 691 1415 Reip.
717 1353 742 1400 Ι
772 1354 836 1400 12
880 1353 966 1414 qui
997 1353 1103 1414 ipse
1139 1368 1337 1414 quoque
1371 1350 1505 1400 Stati
1537 1351 1839 1400 Thebaidem

133 1429 355 1477 continet
396 1428 553 1475 solam
593 1428 727 1476 foliis
765 1429 893 1487 141,
942 1427 1166 1476 versibus
1209 1429 1276 1475 32
1320 1427 1383 1474 ad
1426 1429 1495 1475 34
1535 1426 1589 1474 in
1629 1427 1838 1491 singulis

131 1503 328 1567 paginis
355 1505 565 1565 scriptis.
606 1505 806 1565 praeter
830 1504 1025 1550 textum
1050 1502 1241 1550 scholia
1266 1518 1460 1564 quoque
1485 1501 1692 1564 praebet
1718 1503 1839 1550 satis

133 1579 312 1640 ampla.
362 1577 672 1641 significatur
694 1577 865 1625 littera
889 1569 996 1643 112)
1053 1578 1140 1639 qui
1170 1577 1299 1625 liber
1328 1579 1597 1639 postquam
1630 1578 1777 1624 antea
1810 1592 1840 1624 a

131 1651 312 1701 Lenzio
353 1654 607 1714 inspectus
649 1655 736 1714 est,
778 1652 865 1715 qui
906 1651 1123 1699 Statium
1163 1652 1386 1700 editurus
1420 1645 1596 1718 erat3),
1638 1651 1724 1699 diu
1756 1668 1837 1699 ne-

132 1726 323 1791 glectus
363 1721 580 1793 iacuit.‘¹)
655 1727 786 1788 quod
826 1743 926 1775 non
966 1728 1144 1774 merito
1185 1728 1376 1774 factum
1417 1742 1520 1775 esse
1562 1726 1755 1776 ostendi
1786 1728 1840 1774 in

131 1802 346 1850 Hermae
378 1803 474 1850 vol.
510 1804 580 1850 40
614 1795 811 1869 (1905)
843 1819 890 1864 p.
919 1803 1023 1850 349
1046 1817 1117 1864 sq.
1181 1817 1297 1849 nam
1338 1802 1574 1850 codicemv
1595 1818 1696 1849 una
1728 1817 1839 1850 cum

132 1877 412 1940 fragmento
444 1876 693 1939 Lipsiensi
728 1892 856 1924 anno
894 1878 1035 1925 1903
1071 1876 1272 1938 Lipsiae
1306 1877 1508 1925 contuli.

244 1954 475 2000 exaratus
515 1955 589 2000 est
630 1951 782 1999 codex
824 1967 852 1999 a
891 1951 1051 1999 tribus
1093 1951 1328 2012 librariis,
1371 1968 1396 1999 e
1430 1951 1608 2014 quibus
1648 1953 1837 2014 primus

131 2027 216 2074 fol.
247 2028 476 2075 117--39ν
509 2022 563 2094 (i.
588 2028 749 2074 vitam
783 2026 915 2074 Stati
947 2026 1112 2074 medio
1146 2042 1268 2074 aevo
1293 2027 1586 2087 confectam,
1611 2027 1762 2075 Theb.
1791 2030 1838 2089 1,

135 2103 292 2162 1—3,
314 2100 441 2161 639)
467 2103 774 2163 conscripsit,
800 2101 927 2149 alter
947 2102 1032 2150 fol.
1053 2102 1252 2149 401—'7
1261 2102 1317 2148 3v
1343 2094 1398 2168 (i.
1418 2101 1567 2149 Theb.
1589 2102 1636 2162 3,
1657 2103 1836 2151 640——

136 2178 181 2236 7,
211 2169 356 2242 154),
380 2177 559 2224 tertius
584 2177 792 2238 reliqua.
842 2176 1189 2224 discernuntur
1214 2178 1380 2223 autem
1406 2175 1600 2224 librarii
1624 2178 1838 2224 maxime

132 2250 339 2299 diversis
365 2251 669 2313 compendiis
694 2249 945 2300 adhibitis,
980 2266 1096 2298 nam
1112 2252 1250 2313 ipsae
1275 2251 1474 2299 litterae
1498 2266 1597 2298 non
1622 2252 1838 2299 multum

133 2325 379 2373 differunt.
427 2325 606 2373 titulus
632 2327 794 2374 exstat
817 2326 900 2374 fol.
933 2327 983 2374 1r
1013 2326 1161 2386 Statz'j
1187 2326 1406 2374 Thebais.
1455 2342 1633 2374 nomen
1660 2328 1837 2389 poetae

133 2400 288 2448 solum
316 2402 431 2461 post
455 2401 667 2448 alterum
693 2400 876 2448 librum
899 2401 1174 2449 indicatur:
1208 2401 1409 2460 Papinii
1434 2402 1567 2448 statii
1591 2402 1838 2449 thebaidos

255 2574 295 2628 l)
329 2572 416 2616 hoc
457 2585 511 2616 eo
550 2572 847 2628 potissimum
887 2573 1116 2629 probatur
1155 2573 1281 2630 quod
1321 2586 1480 2616 versus
1522 2573 1753 2616 insiticios
1796 2580 1835 2628 2,

132 2635 308 2733 {227-40
341 2632 606 2689 adscripsit,
640 2632 721 2688 qui
745 2646 904 2676 versus
929 2633 1021 2676 nisi
1045 2633 1094 2675 in
1119 2632 1452 2676 recentissimis
1478 2632 1717 2676 codicibus
1745 2648 1835 2676 non

151 2693 366 2748 eguntur.

253 2753 295 2807 2)
322 2751 467 2796 codex
484 2751 609 2794 unde
621 2752 671 2795 in
685 2751 1021 2795 bibliothecam
1033 2752 1324 2809 Lipsiensem
1337 2751 1514 2795 inlatus
1534 2751 1595 2795 sit
1613 2753 1831 2796 nescitur.

253 2813 295 2866 3)
329 2810 387 2855 cf.
422 2810 598 2854 Statius
631 2811 702 2856 ed.
737 2810 790 2855 G.
817 2810 975 2864 Queck
999 2811 1041 2854 H
1066 2814 1218 2869 (1854)
1250 2827 1293 2868 p.
1320 2811 1384 2855 IV
1410 2818 1457 2855 et
1480 2811 1570 2855 IX..

251 2873 294 2924 4)
328 2870 415 2914 hoc
449 2870 649 2914 maxime
673 2872 864 2927 propter
888 2885 1089 2915 errorem
1123 2870 1301 2924 Quecki
1324 2871 1504 2915 factum
1529 2871 1728 2926 videtur,
1756 2872 1834 2927 qui

134 2929 282 2973 altero
315 2929 418 2974 loco
452 2930 662 2974 codicem
694 2930 882 2974 saeculo
915 2930 1021 2974 XVI
1052 2944 1136 2987 pro
1169 2930 1231 2974 XI
1263 2931 1527 2987 adscripsit.

1505 3005 1566 3048 b*
