2132 3152
656 84 938 129 EDITORIS
972 84 1316 130 PRAEFATIO
1690 86 1835 131 LXXI

131 227 289 290 picius
331 228 463 275 enim
505 226 723 275 Severus.
753 243 863 276 cum
904 225 1019 274 (1131.
1050 228 1078 274 2
1116 220 1213 293 (3),
1251 229 1333 288 10,
1368 229 1399 274 4
1444 226 1592 275 Statii
1636 243 1833 277 versum

133 302 282 350 Theb.
311 303 358 362 8,
387 302 487 348 751
523 301 602 350 his
626 301 789 349 verbis
815 300 1010 349 laudat:
1034 302 1270 349 nimirum
1293 306 1348 350 at
1371 303 1493 350 dixit
1507 305 1653 362 poeta
1676 305 1834 351 nescio

131 379 240 436 quis
251 369 292 443 1)
320 402 387 409 -—
415 378 600 423 utimur
645 377 772 423 enim
807 390 950 424 versa
981 376 1249 432 scolastice,
1297 378 1413 436 quia
1451 379 1578 426 inter
1619 378 1833 426 scolasti-

132 465 209 499 cos
239 451 528 510 fabulamur
564 467 655 496 —.·
688 452 1023 510 captivumque
1054 465 1189 499 suem
1219 452 1516 500 mirantibus
1546 452 1712 499 intulit
1735 450 1832 500 Ar-

126 540 227 586 908,
251 525 441 574 scholia
466 523 696 573 Statiana
720 523 921 573 videtur
944 525 1153 586 novisse,
1186 527 1238 572 in
1266 525 1442 587 quibus
1468 529 1665 574 exstant
1689 527 1831 576 haec:

130 600 452 648 clamantibus
492 614 601 648 cum
641 601 964 648 admiratione
995 601 1286 659 faventibus,
1350 603 1549 649 tantum
1582 601 1714 650 enim
1746 602 1830 650 ab·

130 677 205 722 est
243 677 302 721 ut
342 673 512 722 Severi
551 675 851 722 auctoritate
885 677 1158 723 commotus
1198 676 1491 724 mirantibus
1521 676 1727 738 probem
1762 704 1828 710 —-

130 747 360 796 Garrodii
394 748 612 796 animum
645 749 741 797 huc
771 749 1013 797 inclinare
1046 749 1168 797 satis
1192 751 1348 798 miror
1372 777 1459 811 —,
1491 753 1548 798 ut
1579 752 1832 800 clamanti-

129 824 217 871 bus
241 823 388 886 longe
413 827 668 886 praestare
692 823 920 872 iudicem.
977 824 1166 872 scholia
1191 827 1358 872 autem
1385 840 1497 873 cum
1524 828 1830 889 argumentis

128 914 157 945 a
188 898 415 946 Iulianea
447 899 602 960 stirpe
636 898 800 946 aliena
832 900 961 946 sunt.
1023 901 1193 947 tamen
1227 899 1285 947 de
1319 900 1388 948 eis
1422 900 1700 949 accuratius
1734 901 1829 950 dis-

127 972 339 1035 putandi
370 972 451 1020 hic
483 973 619 1020 locus
652 989 751 1021 non
785 976 871 1020 est.
932 989 1081 1035 quam
1113 990 1219 1021 rem
1250 975 1303 1021 in
1336 975 1489 1022 aliam
1521 976 1831 1024 occasionem

127 1046 412 1095 differimus.
473 1047 558 1095 sed
582 1047 851 1096 verisimile
884 1064 988 1095 esse
1022 1048 1238 1096 arbitror
1269 1049 1506 1113 vulgatae
1538 1051 1746 1112 stirpem
1776 1052 1831 1098 in

128 1120 293 1169 Gallia
332 1122 540 1170 saeculis
583 1124 757 1184 quinto
798 1138 856 1171 ac
897 1126 1033 1171 sexto
1074 1123 1360 1185 pullulasse.
1424 1127 1539 1186 post
1578 1125 1831 1173 saeculum

127 1198 257 1244 certe
292 1198 484 1244 sextum
516 1214 635 1244 num
661 1198 861 1245 omnino
897 1213 926 1245 a
951 1214 1203 1260 quoquam
1235 1197 1305 1246 ibi
1338 1199 1497 1248 lectus
1531 1200 1596 1248 sit
1622 1199 1830 1262 Statius,

127 1271 390 1318 admodum
425 1271 631 1319 dubium
664 1274 752 1319 est.
1195 1337 1198 1340 .

238 1347 410 1394 contra
433 1346 716 1394 Iulianeam
742 1346 948 1408 stirpem
974 1363 1031 1394 ex
1054 1346 1208 1395 Italia
1241 1363 1344 1396 esse
1370 1351 1684 1410 procreatam
1717 1365 1829 1397 cum

125 1419 453 1468 similitudine
493 1422 656 1469 textus
696 1421 970 1469 Priscianei
982 1414 1024 1488 2)
1070 1424 1120 1469 01
1162 1422 1424 1485 Ρ111031101,
1464 1425 1573 1471 111111
1613 1426 1828 1472 maxime

125 1493 371 1542 affinitate
412 1494 637 1543 codicum
676 1495 917 1544 Puteanei
956 1498 1006 1544 01
1037 1497 1302 1546 Etonensis
1342 1499 1395 1546 in
1426 1498 1707 1546 Achilleide
1747 1499 1827 1547 de—

123 1571 446 1617 monstratur.
495 1585 611 1617 nam
645 1570 909 1619 Etonensis
942 1571 1296 1620 Beneventana
1329 1588 1457 1635 quae
1491 1573 1675 1621 dicitur
1710 1575 1827 1622 scri-

123 1646 274 1705 ptura
300 1646 530 1692 exaratus
556 1647 631 1693 est
655 1646 852 1693 saeculo
870 1645 952 1693 XI.
990 1646 1120 1694 hunc
1146 1647 1364 1694 codicem
1390 1648 1522 1709 quod
1549 1649 1827 1697 accuratius

123 1734 252 1766 nunc
286 1734 435 1780 quam
467 1720 519 1766 in
552 1719 639 1767 illo
673 1735 819 1782 opere
850 1721 1149 1769 recensendo
1178 1723 1430 1782 novimus,
1465 1721 1696 1771 Garrodii
1727 1740 1826 1771 1110-

122 1795 220 1840 1110
254 1793 440 1841 factum
478 1796 564 1855 est,
599 1795 685 1856 qui
715 1794 767 1841 in
799 1793 1093 1844 Achilleidis
1127 1796 1343 1844 editione
1376 1797 1524 1859 plena
1557 1799 1662 1846 eius
1695 1798 1827 1846 codi-

124 1867 194 1916 cis
227 1867 495 1916 collatione
526 1884 643 1917 usus
677 1871 763 1917 est.

234 1944 400 1990 tamen
442 1942 500 1990 de
539 1945 702 2005 pretio
742 1943 857 1991 libri
899 1947 1013 1992 ante
1048 1944 1369 1994 Schenkelius
1381 1939 1425 2013 ³)
1458 1949 1642 1995 rectius
1677 1963 1827 2009 quam

121 2017 316 2080 Anglus
365 2017 525 2066 editor
565 2018 820 2066 iudicavit.
824 2011 869 2084 4)
942 2019 1028 2067 1110
1073 2021 1205 2068 0111111
1249 2023 1485 2084 cognovit
1523 2022 1827 2070 Etonensem

122 2090 338 2140 codicem
371 2094 765 2141 contaminatum
798 2108 901 2141 esse
928 2109 985 2141 ex
1015 2094 1144 2142 libro
1179 2095 1394 2157 quodam
1426 2098 1645 2159 optimae
1677 2099 1825 2144 notae

122 2192 193 2198 -—
218 2165 348 2214 unde
374 2182 562 2214 errores
589 2167 791 2229 quidam
816 2167 1059 2217 Puteanei
1092 2170 1436 2218 emaculantur
1463 2171 1610 2218 huius
1643 2171 1825 2220 codicis

123 2240 308 2288 auxilio
336 2267 403 2274 —
431 2244 481 2289 et
506 2258 563 2288 ex
588 2241 716 2290 libro
742 2244 970 2304 pessimo,
994 2244 1045 2291 id
1072 2245 1203 2306 quod
1229 2261 1286 2293 ex
1317 2248 1362 2305 1,
1379 2247 1482 2293 397
1510 2246 1826 2308 potissimum

121 2314 435 2377 perspicitur,
468 2315 555 2364 ubi
587 2317 640 2364 in
666 2317 907 2365 Etonensi
931 2319 1118 2366 maiore
1150 2319 1339 2367 initiali
1372 2323 1421 2367 01
1453 2336 1599 2368 versu
1630 2321 1706 2368 bis
1738 2337 1825 2382 po-

123 2390 218 2438 sito
242 2391 445 2437 initium
470 2391 680 2439 alicuius
705 2391 823 2439 libri
845 2392 1111 2454 indicatur,
1146 2410 1247 2456 qua
1270 2395 1323 2441 in
1349 2410 1401 2442 10
1426 2395 1512 2442 1110
1538 2395 1688 2443 codex
1713 2410 1825 2443 cum

121 2465 365 2525 pessimae
397 2467 544 2512 notae
577 2465 718 2514 libris
753 2468 1013 2527 consentit,
1046 2484 1136 2517 nec
1159 2469 1323 2518 minus
1347 2484 1495 2517 versu
1519 2470 1823 2532 interpolato

242 2626 283 2675 1)
317 2635 427 2665 cave
452 2635 507 2665 ex
531 2622 619 2666 1130
643 2622 987 2680 significatione
1013 2625 1296 2669 concluseris
1321 2639 1345 2669 0
1370 2626 1595 2670 memoria
1621 2626 1824 2671 Statium

122 2680 269 2724 citari
336 2681 475 2725 docta
508 2681 631 2725 enim
664 2682 979 2728 haesitatione
1011 2684 1228 2728 doctrina
1261 2685 1513 2742 obtegitur,
1546 2700 1638 2742 quo
1671 2687 1823 2743 magis

121 2740 375 2856 ΘΙΠΟΘΞῗὺοΐ.
409 2800 603 2845 Hermes
638 2806 694 2845 40
729 2804 879 2860 (1905)
911 2818 953 2859 p.
984 2808 1068 2847 341
1089 2819 1155 2860 sq.

241 2861 284 2915 3>
322 2859 470 2904 Wien.
499 2860 628 2904 stud.
655 2867 682 2904 4
710 2864 923 2919 (1882)p
929 2867 1020 2907 ,96
1037 2878 1103 2920 sq.

240 2921 284 2975 4)
317 2933 413 2962 rem
447 2921 639 2976 exposui
674 2920 791 2964 Berl.
818 2877 986 2967 Phiplol.
1015 2922 1176 2968 Woch.
1205 2928 1258 2967 27
1294 2926 1444 2981 (1907)
1478 2939 1523 2981 p.
1551 2929 1635 2968 592
1656 2939 1721 2981 sq.
