2132 3152
254 98 446 144 xxxvi
543 66 555 68 d
757 99 1038 146 norroms
1070 100 1410 147 PRAEFATIO

365 256 454 289 nec
470 243 636 289 tamen
660 244 924 304 propterea
947 258 1036 304 pro
1059 245 1194 291 certa
1218 244 1571 305 explorataque
1594 260 1647 292 re
1666 245 1947 306 opinionem

255 316 415 363 ausim
445 315 714 364 venditare.
763 331 879 364 nam
909 318 1087 365 triceni
1119 318 1258 380 quini
1289 334 1460 367 versus
1491 319 1571 366 vel
1602 334 1834 367 numerus
1859 335 1947 382 pa-

252 405 363 437 rum
388 389 608 438 diversus
631 390 685 437 in
709 391 879 438 multis
905 392 1008 439 eius
1034 394 1213 440 aetatis
1244 391 1492 440 codicibus
1518 393 1725 456 singulis
1750 394 1946 457 paginis

253 463 503 528 leguntur.
538 480 594 512 ac
618 481 678 511 ne
697 465 747 511 id
767 465 966 527 quidem
983 465 1181 514 videtur
1205 467 1579 530 neglegendum,
1605 468 1739 530 quod
1755 468 1945 530 Deyck-

253 537 354 586 sius
386 540 667 602 fragmenta
700 555 789 587 sua
821 539 1108 588 duodecimo
1149 542 1342 589 saeculo
1377 541 1623 602 attribuit,
1654 542 1944 590 Diisseldor-

250 611 423 661 fienses
463 629 552 661 sua
585 614 773 661 decimo
813 615 892 662 vel
932 615 1206 663 undecimo.
1271 632 1576 678 quamquam
1616 616 1674 663 de
1711 616 1947 679 Deycksii

252 689 548 736 auctoritate
566 687 787 736 dubitari
810 704 953 750 posse
974 705 1071 737 non
1095 706 1233 754 nego.
1267 690 1351 738 sed
1376 690 1567 739 accedit
1583 693 1943 754 gravissimum.

250 777 400 824 supra
432 762 562 810 enim
595 762 1039 812 demonstravimus
1078 765 1361 829 fragmenta
1392 766 1802 814 Monasteriensia
1834 782 1943 829 cog-

249 838 370 884 nata
411 851 514 885 esse
554 852 661 884 cum
703 837 844 886 libris
885 839 1149 901 praecipue
1180 842 1510 894 BQKLMf.
1574 840 1673 886 iam
1707 855 1823 888 vero
1854 840 1943 888 hos

248 910 370 957 mihi
403 912 678 959 consideres
708 913 860 960 velim
890 913 1044 961 locos:

400 987 447 1046 9,
476 987 578 1034 276
614 991 833 1047 capetum
865 991 930 1035 P:
970 981 1255 1055 calet(h)um
1296 1006 1365 1036 w:
1405 990 1674 1049 caplethum
1710 994 1824 1038 Bb:
1866 1004 1943 1038 ca-

617 1055 793 1110 {letum
825 1063 914 1126 frg.
944 1062 1105 1110 Werd.

399 1135 446 1194 9,
474 1136 580 1183 290
611 1139 836 1184 minanta
863 1154 930 1184 w:
955 1139 1181 1185 minanta
1205 1153 1262 1186 ex
1282 1142 1392 1185 -tem
1417 1138 1508 1201 frg.
1527 1138 1715 1186 Werd.:
1747 1141 1940 1187 mimm—

618 1244 710 1288 tem
740 1244 800 1288 b:
832 1243 1071 1290 mimanta
1102 1245 1224 1290 BD:
1256 1213 1446 1290 mffnd'ta
1478 1244 1542 1290 P⁰

398 1344 444 1404 9,
473 1345 573 1392 741
610 1316 851 1406 torvisque
882 1346 955 1395 11⁰
987 1347 1078 1409 frg.
1104 1346 1292 1394 Werd.:
1324 1351 1579 1406 torvusque
1611 1351 1710 1395 Pw

398 1419 445 1479 9,
475 1419 577 1466 749
612 1421 827 1480 erytleion
859 1425 923 1469 P:
957 1423 1136 1470 ericion
1167 1421 1261 1485 frg.
1285 1421 1474 1470 Werd.:
1508 1424 1727 1484 eurytion
1760 1440 1827 1470 w:
1861 1437 1939 1470 eu—

618 1497 773 1543 ricton
803 1499 934 1555 buv

396 1568 443 1627 9,
470 1568 572 1615 865
609 1570 782 1617 oblitus
815 1575 858 1619 P
889 1571 982 1634 frg.
1007 1565 1216 1619 Werd.¹:
1248 1572 1470 1630 obliquus
1501 1571 1594 1634 srg.
1620 1565 1810 1620 Werd.²
1840 1590 1886 1619 ω

396 1642 442 1703 9,
470 1642 574 1689 872
610 1647 812 1704 tegmine
836 1649 931 1693 PB
944 1639 1231 1700 QL¹b⁰0v
1256 1645 1349 1709 frg.
1373 1641 1586 1694 Werd.¹:
1611 1649 1822 1706 teymina
1846 1646 1938 1709 frg.

615 1712 806 1766 Werd.²
837 1739 883 1767 ω

396 1793 442 1850 9,
469 1791 573 1839 879
609 1794 795 1841 casside
828 1813 874 1841 ω
907 1794 998 1858 frg.
1026 1788 1237 1842 Werd.2:
1269 1795 1465 1854 cuspide
1498 1795 1588 1858 frg.
1615 1789 1802 1842 Werd.¹
1835 1799 1879 1842 P

396 1870 442 1926 9,
469 1866 571 1914 881
599 1871 797 1926 prensis
831 1886 899 1916 w:
924 1871 1111 1929 pressis
1143 1873 1187 1916 P
1219 1869 1312 1932 frg.
1337 1868 1503 1916 Werd.

360 1942 443 2000 10,
470 1942 574 1988 314
609 1942 853 2004 thamyrin
892 1947 956 1991 P:
1004 1946 1120 1991 -rim
1168 1960 1236 1991 w:
1277 1959 1408 1991 -rum
1445 1947 1622 2002 BLu:
1677 1944 1938 1991 thamarim

613 2010 729 2065 Κν2
759 2017 850 2081 frg.
878 2018 1042 2065 Werd.

359 2089 441 2150 10,
469 2091 572 2138 319
612 2090 838 2151 Calpetus
871 2095 974 2147 PQ,
998 2093 1091 2156 frg.
1117 2091 1305 2140 Werd.:
1337 2093 1567 2152 Palpetus
1600 2110 1645 2139 ω

357 2164 440 2224 10,
468 2165 570 2212 367
606 2165 802 2213 Nwmen
826 2170 925 2214 Pa»
950 2166 1042 2230 frg.
1061 2159 1271 2214 Werd.2:
1304 2167 1500 2215 Lumen
1530 2167 1622 2230 frg.
1641 2160 1828 2214 Werd.¹
1852 2160 1933 2214 Ll.

242 2240 451 2300 apparet
480 2240 640 2302 igitur
672 2240 952 2303 fragmenta
983 2240 1274 2289 Werdensia
1314 2242 1497 2289 artiore
1529 2240 1730 2290 vinculo
1762 2241 1931 2288 cohae-

240 2329 347 2361 rere
379 2329 488 2360 cum
514 2313 654 2361 libris
678 2309 1021 2381 BbQKL1):
1054 2331 1165 2363 cum
1190 2315 1374 2363 eisdem
1398 2315 1499 2362 fere
1525 2315 1935 2363 Monasteriensia

242 2403 440 2449 quoque
472 2387 752 2451 fragmenta
785 2390 1047 2438 coniuncta
1072 2405 1174 2437 esse
1201 2390 1516 2438 ostendimus.
1567 2404 1692 2450 quae
1724 2405 1837 2436 cum
1859 2389 1933 2436 ita

241 2462 356 2522 sint,
377 2462 605 2524 equidem
630 2478 727 2511 non
753 2463 925 2512 dubito
953 2465 1070 2526 quin
1098 2464 1315 2511 eiusdem
1339 2463 1811 2511 codicisWerdensis
1836 2462 1931 2511 dis-

239 2537 357 2583 iecti
379 2536 600 2584 membra
623 2539 806 2598 partim
833 2554 862 2585 a
878 2538 1140 2600 Deycksio,
1164 2539 1349 2599 partim
1374 2554 1403 2585 a
1427 2537 1931 2585 Diisseldorfiensibus

240 2610 428 2671 publici
458 2612 581 2658 iuris
615 2612 715 2659 sint
738 2613 884 2660 facta.
934 2614 1100 2660 tamen
1135 2628 1243 2660 cum
1267 2628 1367 2660 non
1390 2613 1536 2674 plane
1563 2613 1696 2658 certa
1721 2613 1787 2659 sit
1809 2611 1930 2659 haec

239 2685 500 2746 sententia,
525 2700 614 2732 suo
639 2702 884 2748 quamque
909 2689 1103 2748 partem
1122 2688 1320 2734 nomine
1337 2685 1724 2747 nuncupandum
1750 2686 1928 2734 censui.

351 2759 563 2820 denique
585 2759 768 2808 adnoto
792 2763 942 2808 etiam
964 2761 1180 2808 codicem
1196 2761 1515 2808 Werdensem
1533 2761 1805 2808 correctum
1827 2775 1930 2807 esse

359 2876 400 2930 1)
433 2872 559 2928 quod
583 2870 900 2927 compluribus
923 2871 1038 2916 locis
1062 2872 1327 2929 fragmenta
1343 2869 1620 2914 Werdensia
1645 2884 1748 2913 cum
1764 2875 1797 2912 P
1821 2884 1928 2915 con—

238 2932 432 2989 spirant,
463 2931 588 2975 insta.
618 2930 943 2988 explicabitur.
