2066 3178
698 106 982 153 EDITORIS
1013 106 1360 152 PRAEFATIO
1801 105 1885 151 VII

284 251 345 299 ab
385 250 558 300 eodem
597 251 706 299 viro
746 250 892 299 docto
933 250 1063 298 alter
1102 265 1299 311 quoque
1339 248 1467 297 liber
1503 248 1709 296 minime
1750 263 1884 310 sper·
1906 252 1960 298 N

170 326 360 375 nendus
393 341 523 374 anno
553 327 695 374 1904
720 326 958 373 inventus
985 318 1137 391 est¹):
1173 323 1627 373 Cheltoniensis
1653 316 1769 390 (N),
1796 323 1883 385 qui

171 401 368 450 saeculo
400 401 446 449 X
477 401 557 449 vel
589 401 661 448 XI
702 400 940 463 scriptus,
980 415 1111 447 nunc
1152 397 1445 447 Cheltoniae
1485 399 1539 447 in
1577 398 1883 447 bibliotheca

129 533 132 538 ,
170 476 538 538 Phfflippsiana
560 475 868 524 adservatur.
911 476 1000 538 qui
1023 474 1152 522 liber
1171 490 1284 522 cum
1306 475 1432 522 folia
1453 473 1621 522 decem
1645 475 1810 536 prima
1833 476 1883 522 et

170 551 405 600 ultimum
459 550 685 613 perierit,
748 547 1015 598 adhibetur
1067 548 1182 597 inde
1246 565 1276 597 a
1324 548 1475 596 Theb.
1518 550 1566 610 2,
1609 550 1676 597 66
1725 564 1882 611 usque

170 625 235 673 ad
272 628 354 687 12,
383 627 504 674 760.
561 625 695 688 quod
720 625 1074 673 detrimentum
1107 624 1251 672 novis
1282 624 1420 672 foliis
1453 623 1651 672 insertis
1684 623 1882 672 saeculo

169 701 262 748 XV
293 700 454 749 Italus
494 700 697 763 quidam
738 700 980 749 resarcire
1020 701 1228 748 conatus
1261 702 1338 747 est
1349 693 1408 767 2),
1445 699 1585 748 cuius
1616 714 1797 747 nomen
1829 698 1882 747 in

169 775 533 839 subscriptione
563 775 682 823 libri
713 775 912 824 videtur
943 777 1151 836 exstare,
1183 774 1271 824 ubi
1302 774 1446 823 haec:

446 895 651 944 LIBER
682 873 979 943 REVENm
1009 894 1133 943 DNI
1163 894 1287 943 DN]
1316 887 1607 946 1)sssp

501 969 910 1018 OARDINALIS
941 968 1553 1018 PRAESTANTISSIMI

305 1043 774 1094 cIARPELLoNE
808 1044 1247 1095 VVLGARITER
1278 1043 1731 1094 NVNOVPATvs

430 1119 767 1169 NIOOLAvs
798 1119 1137 1169 FVLGINAs
1170 1119 1318 1170 Doc-
1351 1119 1616 1168 ARTIVM

6 1247 35 1271 .<
78 1278 81 1281 ,
167 1227 396 1289 proxima
419 1226 606 1291 pagina
629 1226 866 1290 leguntur
890 1225 1033 1273 haec:
1066 1226 1236 1274 Iulius
1269 1225 1457 1274 Caesar
1483 1226 1779 1274 Valeuciuus
1813 1226 1882 1274 bi-

169 1301 509 1350 bliothecarius
546 1295 550 1366 1
586 1302 705 1349 obiit
736 1315 866 1349 armo
903 1298 1050 1348 1652
1077 1294 1107 1366 Ι.
1171 1301 1356 1349 Mickel
1386 1299 1609 1361 Anqelus
1642 1300 1884 1349 Zaccaria

167 1375 425 1424 Romanus
450 1376 840 1425 bibliothecarius
862 1376 976 1436 fecit
997 1390 1129 1424 anno
1152 1368 1299 1441 2521
1332 1375 1734 1425 Gubernautibus
1758 1367 1884 1424 Iclm'

40 1446 78 1517 ἶ,
166 1452 232 1501 D.
258 1452 323 1500 D.
355 1453 603 1512 francisco
644 1452 703 1500 de
742 1452 934 1500 Fabius
970 1451 1174 1513 Viryiiio
1217 1451 1384 1500 Cincio
1424 1450 1633 1499 Audrea
1664 1452 1809 1499 Muto
1843 1455 1886 1499 ct

168 1526 419 1575 Ludovico
455 1526 668 1575 Casalio.
709 1526 841 1575 unde
874 1543 970 1575 non
1007 1526 1184 1575 dubito
1218 1526 1339 1589 quin
1373 1543 1403 1574 a
1436 1526 1743 1575 doctioribus
1775 1527 1884 1576 fata

166 1601 285 1650 libri
317 1602 570 1650 enucleari
600 1601 807 1665 possint.

280 1676 432 1725 codex
457 1677 562 1739 ipse
588 1676 858 1725 admodum
884 1677 1206 1741 neglegenter
1230 1675 1540 1740 conscriptus
1563 1678 1653 1737 est,
1678 1676 1801 1725 adeo
1827 1679 1885 1725 ut

167 1751 247 1800 vel
279 1766 513 1800 versuum
546 1754 713 1815 partes
739 1751 907 1800 sedem
937 1754 1070 1799 inter
1102 1768 1152 1800 se
1177 1752 1511 1800 mutaverint:
1546 1753 1595 1811 4,
1625 1754 1731 1800 170
1755 1767 1884 1813 pars

44 1871 69 1894 ἦ,
168 1830 272 1876 arte
309 1831 517 1888 reperta.
577 1828 625 1889 4,
663 1829 761 1875 171
800 1842 930 1888 pars
971 1828 1219 1887 anquibus
1259 1842 1439 1887 aspera
1471 1828 1597 1875 vivis
1630 1830 1718 1875 aut
1751 1827 1884 1889 quod

46 1934 73 1971 «¹⁴⁴
169 1903 352 1963 exstat,
384 1902 534 1965 plane
574 1904 747 1950 contra
780 1902 878 1951 loci
917 1903 1219 1951 sententiam
1253 1903 1440 1950 dictum
1475 1903 1563 1951 sit:
1604 1903 1664 1951 cf.
1700 1904 1748 1964 4,
1778 1903 1881 1951 785

55 2031 58 2034 Α
167 1979 435 2026 certamina
457 1981 511 2026 N
536 1993 626 2040 pro
651 1980 901 2026 certantia.
946 1979 993 2038 5,
1010 1980 1114 2026 217
1142 1978 1345 2038 indiquo
1370 1978 1513 2026 scirit
1536 1994 1631 2026 sua
1657 1978 1884 2027 bracchia

45 2048 73 2089 ὲ
168 2052 285 2100 collo
315 2056 369 2101 N
408 2069 499 2115 pro
530 2053 734 2113 indiqno
765 2068 866 2101 non
897 2054 1040 2102 solvit
1071 2054 1298 2101 bracchia
1330 2054 1462 2101 collo.
1523 2053 1696 2101 multis
1729 2054 1882 2101 etiam

48 2167 57 2191 .
168 2126 287 2176 locis
313 2127 604 2191 synonymis
630 2127 917 2178 substitutis
942 2130 1160 2192 genuina
1186 2128 1333 2177 lectio
1352 2128 1558 2192 expulsa
1583 2131 1677 2177 est:
1705 2129 1754 2190 4,
1775 2130 1879 2177 724

52 2220 77 2272 33
143 2255 147 2260 ,
159 2204 361 2264 portare
391 2206 444 2251 N
475 2218 566 2266 pro
599 2207 799 2251 vectare.
844 2204 891 2265 2,
918 2204 1020 2252 401
1058 2204 1272 2252 vallibus
1295 2207 1349 2252 N
1380 2220 1470 2266 pro
1503 2204 1759 2252 montibus.
1803 2203 1881 2252 cui

52 2269 83 2333 ’Δί
167 2276 514 2342 neglegentiae
547 2279 764 2327 occurrit
796 2281 1045 2327 corrector
1074 2279 1163 2341 qui
1188 2279 1318 2327 haud
1354 2294 1466 2327 raro
1492 2279 1710 2343 genuina
1741 2295 1882 2328 revo-

43 2348 98 2414 ’ἡὴ
169 2353 318 2415 cavit,
356 2354 431 2401 ita
463 2355 522 2401 ut
552 2354 846 2417 plerumque
880 2370 1070 2403 errores
1102 2354 1323 2403 radendo
1357 2354 1557 2415 deleret,
1590 2370 1680 2402 nec
1712 2356 1881 2403 tamen

59 2415 74 2447 ᾗ
169 2429 461 2477 correctoris
501 2427 680 2477 desunt
719 2428 1133 2492 interpolationes
1175 2431 1264 2477 aut
1296 2430 1626 2490 coniecturae,
1660 2429 1800 2477 velut
1834 2431 1882 2491 2,

55 2436 87 2581 ἔ
171 2502 274 2551 235
300 2506 533 2565 parentes
582 2505 938 2567 suprascripsit
978 2508 1092 2552 -tem
1125 2502 1423 2560 Adrastum,
1465 2504 1542 2553 vel
1579 2505 1627 2564 2,
1656 2506 1760 2552 279
1796 2504 1881 2552 ubi

63 2583 78 2633 Γ
168 2591 258 2640 pro
288 2577 559 2627 draconum
582 2582 635 2628 N
642 2574 656 2604 ¹
690 2580 959 2643 scripserat
983 2581 1243 2628 draconem
1276 2582 1525 2628 corrector
1556 2579 1775 2628 dracoua
1807 2596 1881 2627 re-

169 2652 312 2701 nstitui
336 2654 510 2703 voluit.
562 2653 793 2703 similiter
816 2670 986 2703 verum
1021 2654 1191 2703 obruit
1224 2656 1272 2715 4,
1300 2655 1405 2703 833
1435 2648 1615 2721 (825):
1648 2670 1798 2715 quam
1830 2658 1882 2702 tu

137 2719 148 2738 '
168 2739 266 2775 non
295 2731 361 2777 P:
401 2742 548 2788 quam
590 2722 713 2795 (qua
745 2723 820 2795 Κ)
860 2733 964 2777 tum
994 2743 1093 2778 nou
1125 2746 1193 2778 m:
1235 2744 1334 2789 qua
1363 2744 1463 2778 nou
1495 2723 1584 2791 N1,
1626 2745 1776 2792 quam
1808 2731 1881 2778 la-

291 2901 333 2956 1)
365 2900 422 2945 cf.
458 2899 601 2946 Closs.
628 2901 739 2946 Rev.
774 2901 803 2945 l.
831 2901 859 2948 l.
894 2918 940 2960 p.
967 2907 1067 2947 301.

287 2962 331 3016 2)
364 2960 490 3005 unde
509 2961 719 3006 codicem
739 2961 821 3007 illo
839 2964 1050 3020 tempore
1068 2962 1116 3007 in
1134 2961 1278 3006 Italia
1294 2962 1440 3006 fuisse
1465 2960 1769 3007 manifestum
1794 2964 1879 3007 est.
