2066 3178
606 115 891 160 EDITORIS
924 115 1269 159 PRAEFATIO
1647 115 1797 159 XXXI

89 259 253 319 forma
272 262 339 306 est
353 273 478 318 quae
494 259 672 306 dicitur
693 260 750 306 in
764 258 882 319 folio
898 260 1073 315 minor,
1098 272 1327 306 versuum
1349 259 1404 305 in
1420 259 1594 317 quavis
1602 260 1797 319 payina

89 334 231 382 lineis
263 333 524 382 distributa
554 347 789 381 numerus
813 335 1023 394 quinque
1056 336 1099 380 et
1122 334 1335 393 tricinta,
1370 347 1576 392 quorum
1598 335 1797 394 primus

91 410 159 456 est
173 409 275 468 fere
290 408 515 456 desectus,
537 407 718 456 scholia
730 399 771 474 1)
790 408 858 456 ad
873 410 1146 468 maryinem
1160 407 1313 456 nitide
1331 411 1374 456 et
1388 408 1797 470 quemadmodum

90 498 146 532 ex
178 485 439 531 atramenti
470 483 624 530 colore
645 486 785 543 patet
814 484 1038 543 fusciore,
1056 485 1229 543 postea
1249 486 1364 530 sunt
1387 483 1590 531 adiecta.
1633 497 1656 530 e
1680 484 1796 531 duo-

90 557 242 606 decim
249 559 454 618 paginis
470 561 565 606 tres
580 558 650 605 ita
666 561 782 605 sunt
796 560 1028 614 vastatae,
1047 562 1102 605 ut
1126 573 1181 606 eoe
1196 561 1343 618 parte
1367 560 1555 606 tantum
1580 558 1795 618 leyipos-

87 634 199 681 sint.
224 634 354 681 iniis
366 647 476 681 vero
491 633 692 692 quaesibi
705 633 943 692 Zeyuntur,
957 634 1048 681 hac
1065 637 1306 693 apparent.
1316 633 1586 681 Thebaidos
1594 636 1766 693 partes
1782 650 1798 680 .-

199 708 248 763 3,
276 709 571 755 334-4ῖ3
603 706 708 768 (fol.
734 708 780 755 Ι.
806 707 908 768 ΙΙ.)
946 709 1238 755 693-719
1272 707 1406 768 (IV)

201 784 250 837 4,
279 784 462 829 1—18
494 782 755 842 (extremae
789 786 977 830 tantum
1007 797 1141 830 voces
1172 786 1299 838 sunt,
1333 784 1387 831 in
1418 783 1501 844 fol.
1527 782 1633 842 IV)

201 863 246 912 -21',
272 857 509 904 26—55.
546 859 766 905 63—90
807 862 850 905 et
880 860 1192 905 379—407.
1227 857 1525 906 415——442
1558 858 1662 919 (fol.
1697 858 1803 905 III

87 933 226 980 cuius
258 934 419 979 tamen
452 935 664 981 extrema
687 947 816 993 pars
846 932 1052 990 interiit)

200 1009 249 1063 4,
275 1007 570 1055 451—477
605 1011 648 1055 et
679 1008 976 1056 486—512
1010 1007 1114 1069 (fol.
1139 1008 1231 1057 IV
1264 1010 1403 1056 cuius
1436 1009 1646 1057 dimidia
1667 1023 1796 1068 pars

87 1085 153 1130 est
182 1077 387 1145 resecta)

199 1159 248 1212 4,
274 1149 627 1223 725—8432)
661 1161 703 1206 et
737 1157 784 1213 5,
814 1161 957 1205 1-4
993 1157 1097 1218 (fol.
1127 1158 1171 1206 V
1200 1162 1244 1206 et
1269 1157 1367 1219 VI)

84 1234 331 1291 scriptura
356 1231 533 1280 codicis
557 1236 625 1280 est
649 1233 883 1288 dilucida,
910 1234 1197 1293 compendia
1223 1234 1478 1281 literarum
1493 1247 1664 1293 pauca
1689 1237 1794 1282 tan—

85 1306 341 1362 tummodO,
381 1322 532 1367 neque
570 1308 704 1356 ultra
742 1307 970 1356 lineolam
1000 1323 1097 1368 pro
1135 1325 1169 1355 n
1202 1312 1245 1356 et
1274 1326 1325 1355 m
1360 1311 1403 1356 et
1433 1325 1478 1370 q.
1533 1323 1630 1368 pro
1663 1325 1794 1371 -que‚

84 1412 116 1458 p
139 1410 236 1456 pro
267 1412 356 1458 per
378 1412 469 1458 pro
494 1413 628 1459 prae,
654 1397 720 1444 fri
742 1412 839 1458 pro
882 1397 1052 1460 fratri,
1086 1395 1146 1449 d's‘
1168 1412 1266 1458 pro
1291 1397 1426 1460 deuS,
1459 1397 1520 1446 fic
1542 1413 1639 1459 pro
1664 1414 1795 1447 nunc

86 1474 128 1518 et
156 1474 273 1519 nota
303 1472 394 1520 illa
417 1486 514 1532 pro
546 1489 606 1519 ur
630 1489 682 1520 er
706 1488 765 1520 us
797 1475 851 1520 in
882 1475 981 1532 fine
1003 1474 1213 1532 habens;
1247 1489 1304 1521 ae
1338 1475 1382 1522 et
1412 1489 1437 1521 e
1469 1488 1658 1534 semper
1680 1477 1796 1522 sunt

85 1545 351 1602 distinctae,
382 1549 584 1595 nomisna
608 1549 821 1608 propria
851 1548 953 1608 fere
990 1552 1114 1597 recte
1143 1549 1339 1608 scripta,
1375 1548 1731 1597 emendationes
1762 1564 1794 1597 a

83 1636 237 1668 manu
267 1622 482 1670 secunda
504 1636 604 1669 non
625 1623 725 1670 nisi
747 1638 909 1678 rarae,
945 1624 1284 1684 explicationes
1308 1625 1435 1672 inter
1457 1638 1629 1672 versus
1658 1624 1794 1672 haud

82 1710 226 1755 saepe
256 1696 528 1744 inculcatae
561 1711 735 1756 eaeque
765 1712 863 1745 uno
895 1699 996 1758 fere
1026 1699 1169 1747 verbo
1201 1699 1580 1759 comprehensae.

195 1770 317 1818 haec
348 1770 638 1833 Deycksius.
703 1788 829 1835 quae
871 1789 1023 1834 quam
1061 1789 1162 1822 non
1195 1773 1447 1822 sufficiant
1479 1773 1541 1820 ad
1575 1774 1793 1822 codicem

85 1859 197 1893 vere
223 1844 613 1908 describendum,
647 1847 850 1896 cuilibet
881 1849 1204 1897 manifestum
1229 1850 1319 1911 est,
1351 1850 1647 1911 praesertim
1681 1865 1793 1897 cum

83 1918 359 1982 Deycksius
392 1921 524 1969 unde
556 1921 838 1985 fragmenta
871 1925 1157 1986 accepisset,
1192 1925 1392 1972 silentio
1426 1923 1684 1972 obtexerit.
1741 1923 1793 1971 id

85 1994 215 2056 quod
249 2011 304 2042 eo
329 1998 490 2059 magis
516 1996 783 2044 dolendum
807 2000 897 2059 est,
930 1998 1063 2060 quod
1087 1999 1371 2062 fragmenta
1395 2015 1526 2046 nunc
1551 2002 1640 2047 aut
1663 1998 1791 2062 peri-

84 2072 228 2117 erunt
259 2072 349 2118 aut
380 2070 574 2120 abiecta
606 2071 780 2120 latent.
833 2074 1057 2121 nascitur
1090 2077 1257 2122 autem
1282 2075 1500 2136 suspicio
1535 2074 1594 2121 de
1628 2076 1792 2122 aetate

83 2159 112 2191 a
143 2143 392 2207 Deycksio
425 2144 629 2194 definita
659 2162 803 2210 posse
837 2147 1071 2196 dubitari.

83 2235 255 2281 extant
284 2235 462 2297 igitur:

127 2307 277 2356 Theb.
298 2309 343 2370 3,
365 2310 641 2358 334—473
692 2333 747 2348 ==
770 2311 875 2359 140
892 2326 1016 2360 vers.
1035 2334 1092 2350 =
1112 2314 1144 2360 4
1163 2329 1274 2377 pag.
1295 2336 1350 2350 =
1373 2315 1401 2360 2
1421 2313 1530 2361 fol.:
1548 2313 1584 2361 I.
1604 2313 1667 2361 II.

82 2382 281 2430 desunt:
300 2384 348 2444 3,
368 2384 642 2433 474—691
688 2407 744 2422 =
765 2387 869 2435 219
888 2402 1014 2436 vers.
1032 2409 1088 2426 =
1109 2388 1138 2435 6
1159 2404 1272 2452 pag.
1293 2411 1347 2425 =
1369 2389 1398 2435 3
1419 2389 1503 2436 fol.

82 2457 256 2505 deinde
290 2459 483 2506 extant:

293 2533 338 2594 3,
361 2533 579 2595 693-4,
601 2535 666 2582 97
688 2557 743 2572 =
768 2536 872 2584 143
891 2552 1014 2585 vers.
1034 2559 1090 2574 =
1111 2538 1143 2584 4
1162 2553 1275 2600 pag.
1296 2560 1351 2574 =
1376 2540 1405 2584 2
1424 2538 1533 2585 fol.:
1550 2537 1635 2585 IV.
1646 2531 1785 2605 111.³)

202 2662 245 2717 1)
279 2673 333 2704 ex
357 2660 425 2704 eis
449 2659 711 2717 Deycksius
743 2661 772 2707 l.
799 2661 829 2707 l.
864 2678 907 2719 p.
937 2669 991 2708 12
1023 2665 1268 2721 proposuit
1300 2678 1422 2720 quae
1453 2665 1694 2722 pertinent
1726 2666 1787 2710 ad

81 2718 226 2765 Theb.
251 2724 294 2774 3,
320 2724 570 2764 337—353.

201 2781 245 2835 2)
277 2778 446 2823 titulus
479 2782 746 2838 argumenti
771 2784 819 2827 et
842 2782 953 2827 libri
978 2783 1188 2840 quinque
1212 2798 1370 2828 versus
1397 2784 1566 2841 explet.
1602 2786 1787 2830 accedit

81 2838 236 2895 ipsum
267 2853 319 2883 ar
353 2842 595 2884 umentum
625 2855 842 2885 versuum
875 2843 1135 2888 duodecim.

199 2901 242 2955 3)
275 2855 494 2943 foliorum
517 2900 582 2943 HI
606 2902 655 2945 et
677 2900 741 2945 IV
772 2902 933 2947 infima.
964 2904 1100 2960 parte
1131 2905 1313 2947 resecta
1345 2904 1528 2961 septeni
1552 2918 1712 2950 versus
1737 2905 1785 2948 in

81 2957 169 3001 fine
200 2959 406 3015 paginae
438 2959 639 3004 cuiusvis
671 2961 924 3021 perierunt.
