2066 3178
683 129 963 174 EDITORIS
995 127 1341 174 PRAEFATIO
1696 130 1866 175 XXVII

165 273 344 322 codicis
362 273 526 321 denuo
543 273 823 335 inspiceret.
882 273 968 333 qui
986 271 1149 320 officio
1170 287 1363 319 summa
1381 287 1491 319 cum
1517 272 1866 320 benevolentia

164 348 362 397 functus
394 364 471 396 me
504 348 563 395 de
604 346 754 394 Theb.
786 350 831 408 1,
859 347 1093 407 389-2,
1122 348 1225 394 242
1262 346 1632 395 accuratissime
1667 346 1867 395 edocuit

164 438 252 471 nec
292 439 390 470 non
431 422 490 470 de
530 421 736 482 damnis,
780 437 906 483 quae
947 421 1098 469 codex
1140 420 1400 470 contraxit.
1466 421 1788 483 quamobrem
1822 421 1866 468 ei

163 498 353 561 gratias
371 497 528 546 habeo
552 496 807 544 maximas.
841 496 971 543 unde
990 496 1214 560 cognovi,
1234 512 1542 558 quamquam
1559 513 1657 544 non
1676 512 1869 544 summa

163 588 252 620 nec
291 572 368 620 uti
409 573 519 634 quis
567 587 783 633 aequum
823 572 1070 619 censuerit
1117 571 1379 634 diligentia
1419 571 1765 619 Kohlmannus
1806 571 1866 619 de

164 647 330 695 codice
361 646 571 708 rettulit,
612 648 780 693 tamen
812 645 864 692 in
897 645 1184 694 universum
1218 647 1264 692 ei
1288 645 1435 693 fidem
1466 645 1760 694 habendam.
1810 663 1865 692 ex

162 723 427 783 utriusque
459 721 554 770 viri
595 720 728 769 docti
770 720 1100 782 descriptione
1139 721 1262 768 haec
1294 721 1347 767 in
1379 737 1545 768 meum
1578 736 1723 768 usum
1758 736 1867 768 con-

162 799 326 845 verto:
359 795 574 858 scriptus
609 797 684 843 est
715 811 744 842 a
775 795 1004 857 pluribus
1036 795 1256 843 librariis
1289 795 1488 844 saeculo
1520 795 1593 843 XI
1626 796 1868 843 continet-

169 887 263 933 que
295 870 429 919 foliis
462 870 736 918 numeratis
767 872 868 918 162
905 897 974 902 —
1001 870 1087 918 sed
1112 885 1275 918 errore
1307 886 1546 918 numerus
1581 872 1650 918 20
1676 870 1866 917 duobus

162 945 298 993 foliis
321 945 698 1007 insequentibus
721 945 1000 1007 adscriptus
1028 946 1103 993 est
1126 972 1198 978 —
1225 944 1530 992 Thebaidem
1557 948 1606 992 et
1629 944 1863 992 Achillei-

162 1020 290 1082 dem,
318 1036 446 1083 quae
471 1020 586 1068 inde
613 1037 643 1069 a
667 1020 789 1068 folio
819 1021 922 1067 145
952 1021 1139 1067 exitum
1163 1019 1275 1067 libri
1306 1020 1535 1082 complet.
1582 1020 1771 1067 scholia
1803 1020 1867 1066 ad

163 1095 467 1144 Thebaidem
492 1097 690 1143 exstant
713 1095 977 1157 uberrima,
1003 1095 1066 1141 ad
1084 1093 1413 1142 Achilleidem
1429 1095 1582 1142 nulla.
1616 1095 1744 1142 hanc
1771 1111 1867 1142 non

163 1187 220 1218 ex
240 1170 410 1218 eodem
431 1170 569 1218 fonte
586 1185 815 1218 manasse
837 1169 1094 1232 probabile
1114 1171 1201 1218 est.
1236 1185 1325 1218 nec
1343 1171 1475 1217 enim
1492 1171 1543 1216 in
1563 1189 1607 1216 ω
1626 1169 1867 1218 Achilleis

162 1261 400 1307 umquam
419 1245 617 1293 videtur
634 1244 788 1293 fuisse
803 1244 1069 1293 coniuncta
1090 1260 1202 1292 cum
1220 1244 1484 1292 Thebaide.
1518 1261 1643 1307 quae
1659 1260 1769 1291 cum
1795 1246 1868 1291 ita

162 1322 276 1380 sint,
290 1336 470 1368 vanam
489 1336 626 1382 spem
652 1321 804 1368 fuisse
830 1320 1006 1380 elucet,
1032 1319 1090 1367 de
1111 1319 1404 1368 Achilleidis
1421 1320 1694 1367 traditione
1716 1335 1867 1381 quae·-

163 1395 376 1443 stionem
415 1411 516 1442 una
556 1411 669 1443 cum
703 1394 952 1443 Thebaide
993 1410 1135 1457 posse
1175 1395 1378 1442 absolvi.
1442 1394 1594 1442 immo
1635 1395 1757 1442 haec
1790 1410 1867 1442 res

162 1470 221 1517 de
247 1471 442 1534 integro
468 1470 668 1518 videtur
691 1469 968 1531 tractanda,
995 1469 1080 1517 sed
1102 1469 1163 1516 ab
1190 1469 1282 1517 hac
1308 1468 1563 1517 occasione
1591 1469 1755 1517 aliena
1778 1471 1865 1518 est.

274 1546 534 1607 perierunt
582 1544 765 1593 codicis
808 1545 965 1607 ipsius
1010 1543 1272 1606 quaternio
1315 1543 1530 1606 primus,
1579 1560 1678 1606 quo
1726 1547 1868 1591 erant

163 1621 341 1682 scripti
380 1619 532 1668 Theb.
563 1622 608 1681 1,
639 1621 893 1681 1—388,
935 1619 1049 1667 dein
1082 1620 1284 1682 septimi
1317 1619 1658 1681 quaternionis
1692 1619 1866 1667 folium

164 1693 400 1742 ultimum
431 1695 462 1742 i.
490 1697 538 1756 4,
566 1695 674 1743 840
701 1687 1062 1761 (833)—-850
1089 1687 1247 1760 (843)
1282 1710 1391 1742 cum
1426 1695 1719 1758 argumento
1753 1694 1868 1740 libri

163 1769 341 1831 quinti,
365 1771 472 1817 tum
495 1771 594 1818 toti
611 1772 821 1832 quartus
839 1770 1057 1818 decimus
1077 1771 1126 1817 et
1144 1769 1349 1831 quintus
1367 1768 1585 1817 decimus
1613 1770 1866 1830 quaterni·

163 1859 279 1892 ones
303 1845 711 1907 insequentisque
732 1844 856 1892 folia
879 1846 1120 1906 quattuor
1142 1844 1172 1891 i.
1198 1844 1244 1906 8,
1267 1845 1499 1906 127-9,
1521 1845 1627 1891 230
1653 1843 1866 1905 denique

162 1921 301 1968 totus
334 1920 598 1982 quaternio
632 1919 876 1982 septimus
909 1919 1129 1967 decimus
1163 1918 1193 1966 i.
1231 1920 1276 1981 9,
1304 1920 1629 1967 454-—905-3.
1694 1920 1869 1966 contra

162 1993 343 2042 lacuna
375 1993 495 2042 Ach.
534 1997 579 2057 1,
607 1995 901 2043 529-660
935 1994 1086 2041 altius
1121 1993 1358 2055 ascendit7
1393 1995 1577 2056 quippe
1613 2009 1739 2055 quae
1767 1991 1867 2040 Gu-

163 2067 311 2117 diano
345 2069 618 2117 communis
652 2071 718 2117 sit
750 2084 860 2117 cum
887 2073 950 2124 Q..
999 2069 1079 2116 hic
1110 2069 1216 2116 illic
1248 2070 1475 2130 picturae
1503 2067 1770 2115 admodum
1794 2069 1867 2115 in-

163 2145 309 2205 eptae
349 2143 549 2192 additae
591 2146 720 2192 sunt.
792 2143 1002 2208 singulis
1043 2145 1209 2191 autem
1253 2143 1450 2208 paginis
1492 2158 1663 2191 versus
1704 2143 1866 2190 viceni

161 2219 329 2266 octoni
367 2219 447 2266 vel
487 2219 668 2267 noveni
709 2220 901 2266 exarati
942 2221 1074 2266 sunt.
1136 2218 1266 2266 unde
1305 2234 1421 2267 vero
1462 2218 1589 2266 liber
1627 2218 1680 2264 in
1715 2216 1867 2265 Gudii

161 2308 338 2341 manus
363 2293 660 2356 pervenerit,
693 2293 922 2358 indagari
947 2295 1135 2356 nequit.
1184 2309 1315 2340 nunc
1348 2310 1458 2341 cum
1482 2292 1690 2355 reliquis
1717 2290 1867 2340 Gudi-

162 2368 270 2415 anis
302 2370 353 2415 in
386 2368 689 2416 bibliotheca
721 2367 1118 2431 Guelferbytana
1153 2368 1458 2417 adservatur.

266 2444 318 2490 in
335 2443 781 2506 subscriptionibus
800 2446 850 2491 et
866 2443 1030 2491 titulis
1050 2442 1243 2491 Sursuli
1261 2459 1533 2507 cognomen
1551 2443 1686 2505 quod
1711 2442 1864 2491 sciam

161 2533 409 2579 nusquam
437 2520 662 2580 apparet,
694 2518 834 2566 velut
858 2518 1002 2566 finita
1027 2517 1278 2566 Thebaide
1305 2518 1491 2582 legitur
1522 2516 1864 2565 EXPLICIT·

162 2591 273 2639 LIB
292 2618 302 2626 ·
322 2592 420 2640 XII
447 2618 455 2626 ·
483 2591 869 2640 THEBAIDOS
890 2618 899 2627 ·
919 2592 1171 2640 INCIPIT
1191 2618 1199 2627 ·
1220 2592 1285 2639 P·
1305 2591 1564 2640 PAPINII
1583 2618 1591 2626 ·
1612 2591 1833 2639 STATII
1853 2617 1862 2626 ·

162 2665 864 2715 AGHILLEIDOS·LIB-I.
928 2670 1174 2716 corrector
1215 2667 1418 2729 quidam
1459 2667 1644 2715 saeculi
1675 2667 1774 2714 XII
1812 2667 1866 2714 in

162 2741 438 2790 Achilleide
478 2758 648 2790 versus
690 2742 912 2807 singulos
954 2744 1044 2790 aut
1083 2742 1250 2805 plures
1292 2735 1552 2810 omissosl)
1597 2741 1864 2804 supplevit,

161 2815 294 2864 idem
325 2832 560 2882 magnam
584 2816 724 2865 illam
755 2817 988 2865 lacunam
1014 2817 1136 2865 Ach.
1166 2819 1211 2877 1,
1239 2817 1343 2865 529
1365 2832 1434 2878 sq.
1470 2816 1700 2879 explevit.
1747 2832 1864 2880 neg-

286 2975 326 3030 1)
360 2973 416 3018 cf.
450 2973 735 3019 Kohlmanni
767 2973 993 3018 Achilleis
1027 2989 1071 3030 p.
1099 2973 1150 3017 X.
