2066 3178
177 112 333 157 XVIII
689 112 972 157 EDITORIS
1003 113 1345 157 PRAEFATIO

179 269 286 302 ores
318 254 471 302 libros
504 253 721 302 codicem
752 253 858 316 ipse
884 254 1108 302 contulit.
1163 256 1300 302 cuius
1334 254 1534 302 collatio
1568 270 1678 302 cum
1709 257 1874 304 minus

180 332 405 376 accurate
439 330 526 376 aut
556 329 691 375 facta
723 330 788 376 sit
821 331 908 376 aut
933 329 1170 390 adhibita,
1203 328 1394 391 gaudeo
1429 329 1561 391 quod
1592 330 1715 377 mihi
1746 330 1872 378 Mul—

178 402 368 450 leriana
401 404 622 465 suppetit
655 405 806 450 etiam
839 404 901 451 ad
931 405 1229 465 posteriores
1260 402 1426 450 libros.

291 480 441 539 atque
473 478 523 523 in
549 477 700 524 titulo
726 477 888 539 operis
914 479 1153 539 scriptum
1179 482 1274 525 est:
1307 477 1466 524 INEP
1485 502 1494 512 ·
1516 471 1633 544 (sic)
1659 477 1771 525 LIB
1791 504 1800 513 ·
1819 478 1844 525 I
1862 503 1872 513 ·

179 551 373 599 STATI
392 577 400 586 ·
419 551 676 598 PAPINH
694 577 702 585 -
723 550 1003 599 SVRSVLI
1021 577 1030 586 ·
1051 549 1448 612 THEBAIDOS,
1481 555 1654 600 contra
1684 554 1736 599 in
1762 552 1872 600 sub-

178 627 444 688 scriptione
482 626 632 688 primi
672 626 788 673 libri
827 642 998 674 verum
1038 642 1215 674 nomen
1256 628 1487 688 apparet:
1527 626 1580 674 P.
1614 626 1872 675 PAPINI·

179 714 375 762 STATI
393 741 401 749 ·
422 713 803 762 THEBAIDOS
820 739 830 750 ·
847 698 988 762 LE}
1006 715 1032 762 I
1051 740 1059 749 ·
1080 714 1402 776 EXPLICIT,
1425 715 1698 777 itidemque
1722 717 1774 762 in
1799 733 1871 763 re-

178 790 328 851 liquis
362 789 501 837 libris
526 791 822 838 constanter.
870 790 1042 851 itaque
1077 789 1364 838 concludere
1390 789 1508 837 licet
1532 790 1873 838 adulteratum

180 880 358 912 nomen
391 867 566 926 postea
604 865 655 911 in
695 865 822 912 hanc
862 880 1058 926 quoque
1091 864 1335 911 familiam
1369 879 1471 912 esse
1503 864 1729 913 inlatum.
1794 866 1874 912 cui

178 939 399 1000 opinioni
431 940 568 986 favet
601 939 730 1000 quod
763 941 876 1000 post
900 938 1047 1000 primi
1079 938 1194 985 libri
1226 939 1430 986 titulum
1454 939 1544 986 illa
1568 939 1674 987 vita
1698 942 1874 1001 poetae

178 1013 362 1076 legitur
392 1012 554 1061 medio
588 1029 711 1061 aevo
745 1013 981 1075 confecta,
1018 1014 1146 1061 unde
1187 1013 1368 1061 falsum
1401 1029 1577 1061 nomen
1610 1013 1872 1075 inrepsisse

179 1088 282 1135 veri
315 1088 476 1136 simile
510 1089 596 1136 est.
659 1102 827 1135 versus
870 1087 1042 1150 scripti
1075 1090 1190 1135 sunt
1226 1088 1435 1152 singulis
1467 1087 1663 1151 paginis
1696 1090 1874 1136 triceni

178 1163 338 1223 quini,
381 1162 462 1223 qui
496 1177 728 1210 numerus
761 1162 1005 1224 paulatim
1036 1178 1192 1224 usque
1226 1162 1288 1208 ad
1322 1162 1662 1225 quadragenos
1695 1163 1873 1224 quinos

177 1236 409 1284 ascendit.
484 1252 581 1283 uno
622 1236 743 1284 folio
775 1239 890 1299 post
921 1237 1279 1300 sexagesimum
1311 1238 1517 1284 tertium
1549 1238 1709 1285 exciso
1741 1239 1873 1298 peri-

177 1314 320 1358 erunt
359 1310 509 1358 Theb.
542 1312 586 1372 7,
615 1311 920 1360 296—383.
991 1311 1104 1359 inde
1146 1327 1174 1358 a
1215 1310 1364 1358 Theb.
1404 1314 1450 1370 7,
1476 1312 1579 1359 461
1623 1327 1779 1373 usque
1811 1310 1873 1358 ad

181 1387 226 1446 7,
248 1387 352 1433 700
379 1385 689 1448 quadrageni
704 1401 872 1434 versus
900 1385 1109 1449 singulis
1133 1385 1331 1450 paginis
1356 1385 1545 1433 exarati
1570 1388 1701 1446 sunt,
1727 1402 1872 1447 quem

178 1476 436 1507 numerum
479 1460 542 1507 ad
575 1461 869 1522 exemplaris
904 1459 1281 1508 similitudinem
1315 1475 1344 1507 a
1383 1459 1586 1508 librario
1619 1462 1873 1509 servatum

177 1534 574 1582 existimaverim.
653 1550 767 1581 nam
813 1534 885 1582 ibi
932 1534 982 1581 in
1022 1535 1154 1582 calce
1197 1534 1346 1582 unius
1388 1533 1622 1596 cuiusque
1661 1534 1873 1598 paginae

179 1609 363 1672 singuli
389 1624 557 1656 versus
584 1609 712 1656 erasi
737 1611 852 1656 sunt
884 1608 1138 1671 eidemque
1164 1609 1312 1656 initio
1338 1610 1586 1670 sequentis
1611 1608 1872 1670 pallidiore

178 1683 375 1744 quidem
410 1685 702 1741 atramento,
735 1683 796 1730 ab
828 1685 936 1744 ipso
970 1686 1136 1731 tamen
1169 1683 1374 1731 librario
1409 1682 1579 1730 additi.
1633 1683 1770 1730 cuius
1801 1683 1872 1729 rei

176 1757 418 1805 rationem
452 1774 549 1804 non
582 1757 809 1819 expedio,
849 1758 946 1806 nisi
979 1757 1040 1804 ab
1072 1758 1159 1805 illo
1191 1758 1299 1805 loco
1333 1757 1626 1818 exemplaris
1659 1758 1872 1820 paginae

177 1832 439 1894 diligenter
479 1847 734 1893 expressae
769 1826 944 1897 sunt.¹)
1008 1832 1137 1894 quod
1171 1832 1420 1894 exemplar
1451 1831 1646 1879 etiamsi
1679 1832 1874 1879 numeri

179 1905 421 1967 quadrare
460 1905 744 1966 videantur,
784 1922 883 1954 non
923 1922 1033 1953 eum
1075 1922 1177 1955 esse
1218 1905 1434 1954 codicem
1474 1905 1611 1953 cuius
1651 1907 1874 1968 superest

177 1981 510 2043 fragmentum
543 1979 796 2042 Lipsiense
836 1981 968 2027 infra
1008 1980 1468 2029 demonstrabimus.
1540 1979 1624 2028 sed
1657 1995 1745 2028 cur
1774 1995 1873 2027 non

179 2055 350 2101 statim
383 2070 412 2101 a
445 2055 606 2102 fronte
639 2054 755 2101 libri
785 2059 829 2102 B
864 2056 1113 2117 exemplar
1145 2057 1340 2103 secutus
1367 2057 1473 2103 est‘.e
1533 2055 1710 2117 opinor
1743 2053 1872 2115 quod

178 2128 283 2176 vita
316 2128 446 2176 Stati
480 2128 673 2176 adiecta
706 2129 825 2176 ordo
858 2129 919 2176 ab
952 2129 1095 2177 initio
1127 2129 1357 2177 turbatus
1391 2130 1509 2176 erat.

288 2204 340 2249 in
369 2218 427 2250 ea
453 2219 647 2264 quoque
672 2219 724 2250 re
750 2203 933 2250 Muller
956 2205 1223 2265 praecipua
1250 2203 1427 2266 dignus
1454 2207 1528 2250 est
1551 2202 1713 2263 laude,
1739 2201 1873 2264 quod

178 2292 275 2324 non
308 2277 467 2324 solum
501 2276 617 2338 quid
657 2293 786 2324 nunc
817 2277 867 2324 in
901 2278 1066 2326 codice
1107 2278 1316 2342 legatur,
1350 2277 1727 2340 diligentissime
1761 2291 1872 2324 eno-

178 2352 321 2411 tavit,
361 2351 443 2398 sed
486 2353 636 2399 etiam
677 2351 1033 2400 correctoribus
1075 2352 1284 2416 singulis
1324 2367 1414 2398 sua
1448 2350 1692 2398 attribuit.
1757 2366 1871 2397 nam

178 2427 376 2486 praeter
407 2442 517 2473 eum
543 2425 801 2473 librarium
828 2428 915 2487 qui
938 2428 1129 2474 textum
1154 2425 1460 2487 conscripsit,
1493 2425 1703 2473 duorum
1727 2423 1869 2471 mini-

179 2516 314 2547 mum
345 2502 492 2546 notae
532 2500 677 2546 facile
718 2502 1058 2548 secernuntur:
1099 2500 1203 2548 eius
1244 2501 1331 2562 qui
1364 2499 1551 2548 scholia
1583 2497 1774 2546 addidit
1804 2491 1873 2546 ΣΒ2

181 2577 230 2621 et
245 2573 568 2621 recentissimi
587 2573 844 2622 cuiusdam
858 2576 1146 2622 correctoris
1159 2567 1239 2622 B3.
1261 2574 1342 2622 hic
1359 2575 1472 2635 post
1488 2573 1738 2621 saeculum
1750 2571 1872 2620 ΧΠΙ

180 2647 339 2695 multa
372 2647 666 2708 emendavit,
699 2648 858 2695 multa
890 2649 1127 2709 restituit,
1160 2664 1286 2710 quae
1319 2646 1622 2708 antiquitate
1653 2661 1869 2707 pessum—

302 2821 343 2874 1)
377 2818 539 2862 eodem
564 2818 749 2862 videtur
771 2819 1004 2876 pertinere
1028 2819 1152 2874 quod
1178 2818 1257 2862 fol.
1285 2823 1340 2862 43
1366 2817 1509 2862 Theb.
1529 2822 1570 2872 5,
1592 2815 1869 2859 140—2191.

181 2877 422 2935 octoginta
445 2891 604 2921 versus
636 2892 729 2921 non
762 2877 820 2921 ab
846 2878 947 2933 ipso
973 2877 1180 2933 librario,
1207 2878 1288 2922 sed
1315 2877 1373 2921 ab
1399 2891 1454 2921 eo
1479 2876 1560 2932 qui
1586 2873 1764 2919 scholia
1789 2874 1870 2918 ad-

180 2937 376 2991 notavit,
411 2936 573 2991 scripti
606 2939 727 2980 sunt.

2055 2927 2059 3019 s

2050 3021 2058 3178 ἰ
