2040 3164
630 103 973 149 THEBAIDOS
1004 103 1115 148 LIB.
1140 103 1216 149 XI.
1659 105 1765 158 407

32 249 33 255 ’
81 245 304 314 imperia
343 246 394 296 et
435 242 607 295 iussos
647 242 801 311 potui
840 243 1068 294 tolerare
1107 242 1331 309 furores,

82 322 195 373 sola
235 336 392 388 super
430 321 600 371 terras
639 316 930 385 hostilique
971 315 1129 368 obvia
1171 317 1383 381 mundO,

32 389 33 398 ¹
82 395 208 447 dum
248 412 343 446 vos
382 392 626 461 Elysium
666 394 718 444 et
757 391 940 444 faciles
982 391 1299 459 conpescitis
1339 391 1569 444 umbras,

80 486 179 522 neo
217 468 448 538 pretium
489 467 724 519 deforme
763 483 943 518 morae
984 466 1225 535 cassique
1263 465 1496 518 labores:
1717 479 1774 519 80

81 543 185 596 hoo
218 543 591 612 quodcumque
623 541 839 593 madent
871 541 1059 609 campi,
1100 540 1243 609 quod
1276 542 1533 611 sanguine
1564 541 1775 593 fumant

84 621 288 688 stagna⁷
329 615 472 686 quod
510 617 788 668 innumero
830 615 1062 667 Lethaea
1102 615 1342 668 examine
1382 615 1580 686 gaudet

84 693 217 763 ripa,
256 710 403 744 meae
442 691 598 758 vireS‚
640 709 755 743 mea
792 692 933 742 laeta
973 690 1219 760 insignia.
1299 690 1390 744 sed
1431 690 1560 758 quid

82 768 213 820 haee
254 767 389 837 ego?
451 765 595 818 Mars
636 765 844 835 habeat,
883 766 1204 834 volgataque
1242 764 1404 817 iactet
1442 765 1612 834 Enyo,

83 842 267 895 vidisti
308 873 377 878 —
420 839 623 911 Stygiis
664 842 804 892 certe
844 838 1163 891 manifestus
1203 839 1259 890 in
1298 840 1501 892 umbris
1546 872 1612 877 —--
1721 853 1775 892 85

32 954 33 989 3
86 917 346 987 sanguine
385 915 655 968 foedatum
696 914 863 966 rictus
904 917 1128 981 atroque
1167 914 1470 966 madentem

32 994 33 997 ’
86 1010 179 1045 ora
218 991 405 1044 ducem
444 989 592 1042 tabo:
633 989 814 1041 miseri
853 989 1175 1041 insatiabilis
1216 990 1325 1041 edit

31 1072 33 1134 j
85 1085 170 1119 me
209 1065 453 1118 tradente
493 1067 665 1133 caput.
743 1063 903 1116 modo
943 1082 1136 1132 nempe
1176 1063 1474 1117 horrendus
1514 1063 1580 1116 ab
1622 1064 1779 1116 astris

88 1141 360 1194 descendit
399 1158 493 1192 vos
533 1156 701 1207 usque
742 1139 946 1209 fragor:
986 1157 1071 1190 me
1112 1156 1260 1191 saera
1297 1139 1574 1208 premebat

30 1214 33 1264 i
88 1218 394 1285 tempestaS,
434 1232 534 1284 ego
574 1213 745 1265 mixta
782 1213 886 1265 viri
924 1213 1206 1265 furialibus
1247 1213 1407 1267 armis
1727 1227 1781 1266 90

30 1281 32 1307 ³
88 1291 229 1344 bella
268 1290 423 1342 deum
464 1292 516 1341 et
555 1306 776 1357 magnas
815 1287 1055 1340 ridebam
1095 1288 1338 1340 fulminis
1378 1290 1499 1340 iras.

30 1357 32 1404 Ϊ
91 1366 182 1418 sed
221 1365 328 1417 iam
370 1396 438 1401 —
481 1363 682 1416 effabor
723 1362 864 1416 enim
903 1395 976 1400 —
1013 1364 1178 1433 longo
1220 1364 1412 1416 sudore
1451 1363 1709 1423 fatiscunt

30 1458 33 1494 ss
92 1440 264 1506 corda,
306 1457 469 1507 soror,
509 1438 797 1506 tardaeque
837 1456 1048 1507 manus3
1089 1437 1250 1490 hebet
1288 1438 1458 1490 infera
1497 1440 1642 1491 eaelo

30 1517 33 1527 ⁴
89 1517 245 1567 taxus
287 1517 340 1566 et
379 1514 619 1566 insuetos
659 1530 859 1582 angues
899 1513 1066 1564 nimia
1106 1515 1248 1564 astra
1289 1515 1557 1582 soporant.

30 1608 33 1656 g
89 1593 166 1659 tn,
207 1589 293 1642 oui
333 1591 480 1641 totus
521 1587 696 1640 adhue
734 1588 885 1639 furor
925 1589 1276 1656 exultantque
1314 1591 1553 1641 recentes
1731 1600 1785 1639 95

30 1695 48 1719 η
94 1663 282 1733 Cocyti
322 1663 385 1715 de
425 1663 574 1715 fonte
615 1681 812 1729 comae,
854 1662 920 1714 da
957 1662 1178 1732 iungere
1218 1663 1373 1715 vires.

30 1792 32 1806 ἱ
70 1758 202 1806 ,non
241 1739 426 1792 solitas
468 1737 606 1791 acies
645 1754 744 1789 neo
783 1736 976 1789 Martia
1016 1737 1156 1789 bella
1193 1756 1460 1807 paramuS‚

215 1965 269 2005 77
302 1960 467 2018 potui}
498 1961 572 2017 (-t)
603 1963 668 2003 M:
701 1958 840 2015 putin
870 1963 903 2001 L
994 1958 1211 2002 tollerare
1244 1963 1277 2002 B
1433 1964 1485 2003 79
1521 1930 1701 2016 elysium
1734 1958 1791 2001 B¹

184 2020 479 2077 compescitis
511 2024 544 2062 P
666 2023 721 2063 80
754 2018 928 2062 laboris
962 2022 1034 2067 Qc
1157 2023 1209 2062 81
1245 2019 1438 2063 madent
1469 2034 1536 2063 w:
1571 2020 1639 2062 -et
1669 2024 1702 2062 P

30 2094 33 2156 1
96 2086 151 2126 82
183 2081 367 2125 lethaeo
400 2094 456 2124 ex
485 2092 536 2122 -a
569 2079 625 2127 Q}
725 2078 969 2136 exagmine
1001 2081 1166 2170 11ΒΕὶᾸῃι
1290 2083 1345 2122 83
1380 2079 1460 2122 sed
1492 2093 1548 2124 ex
1579 2079 1618 2122 si
1651 2078 1703 2121 02

30 2192 33 2222 i
97 2189 152 2229 84
183 2198 307 2228 mars
340 2198 395 2228 em
426 2198 548 2228 mors
579 2187 624 2226 M
717 2155 857 2227 {beat
887 2183 963 2226 Bl.
995 2183 1168 2241 {abeat
1192 2197 1247 2228 ex
1271 2185 1340 2228 —ot
1365 2183 1422 2232 ΩΙ
1512 2182 1792 2241 volgataque

31 2310 33 2318 ¹
96 2293 176 2333 Bt:
209 2304 290 2333 vu-
322 2294 354 2332 P
447 2287 582 2341 enixo
614 2292 653 2329 f
661 2302 684 2329 r
806 2292 861 2332 85
894 2287 1070 2331 Vidisti
1102 2293 1193 2336 Peg:
1228 2287 1313 2330 —tis
1354 2302 1399 2331 ω
1505 2253 1606 2331 stigils
1638 2287 1706 2330 11⁰

31 2449 33 2458 ⁴
98 2393 349 2437 manifesta
389 2392 473 2436 sub
514 2407 568 2437 (ιω
606 2397 702 2436 -tus
742 2391 791 2435 in
830 2397 881 2435 Pr
1009 2396 1064 2436 86
1098 2349 1366 2436 foedassgffi
1398 2391 1467 2436 b¹:
1501 2392 1740 2436 foedatam
1772 2408 1795 2435 r

188 2455 288 2497 atro
322 2466 404 2497 om.
438 2457 478 2505 ἒς
510 2451 673 2496 hostili
697 2458 806 2508 post
835 2452 1049 2495 fedatum
1075 2453 1180 2496 add.
1214 2458 1252 2494 f
1284 2467 1368 2508 mq.
1493 2456 1547 2495 87
1581 2451 1692 2495 tabo
1727 2467 1793 2496 w:

99 2513 210 2556 tabe
242 2517 274 2555 P
365 2512 525 2556 miseri
561 2513 753 2557 Vollmer
779 2515 902 2556 1896
918 2527 967 2569 p.
988 2515 1068 2557 33:
1102 2511 1284 2556 miseris
1318 2517 1370 2555 P:
1404 2511 1626 2555 miserum
1660 2527 1704 2556 ω

32 2613 34 2629 .
99 2586 370 2631 insatiabile
403 2586 526 2631 sedit
556 2591 608 2630 P:
643 2585 772 2630 -bilis
805 2586 905 2630 edit
937 2601 991 2630 ex
1016 2585 1132 2629 -bile
1158 2586 1282 2630 sedit
1307 2585 1362 2634 Q?
1485 2590 1540 2630 88
1572 2572 1795 2631 'orrendus

101 2674 167 2718 12⁰
272 2679 326 2719 89
359 2689 440 2719 vos
473 2656 575 2733 (rios
607 2674 690 2732 M1)
730 2690 877 2731 usque
911 2690 977 2720 w:
1023 2661 1249 2719 voslusque
1282 2680 1332 2718 Pr
1422 2691 1495 2718 me
1528 2680 1581 2719 P:
1614 2689 1720 2719 mea
1752 2691 1797 2720 ω

192 2739 247 2779 90
263 2734 353 2779 viri
370 2736 416 2792 (i.
438 2736 658 2792 Capanez)
677 2750 743 2779 w:
761 2735 871 2778 viris
890 2737 962 2792 (ex
977 2735 1037 2778 —ri
1054 2735 1126 2792 ΒΞ)
1144 2740 1219 2778 PB
1273 2740 1381 2792 post
1398 2740 1450 2778 91
1470 2737 1521 2779 in
1538 2740 1569 2777 L
1588 2737 1799 2792 loquutur

104 2798 277 2839 56—58
311 2797 367 2850 cf.
403 2796 464 2839 ad
497 2799 555 2839 55
679 2799 732 2838 93
767 2794 915 2839 Corda
946 2799 1033 2839 Ρω
1066 2800 1198 2840 recte:
1234 2795 1354 2839 oolla
1386 2797 1501 2840 com‘.
1540 2795 1799 2840 Garrodius

31 2895 35 2920 1
192 2884 334 2928 hebet
365 2899 420 2929 ex
450 2884 564 2927 hab·
603 2884 722 2926 Ia⁰f¹r
844 2889 899 2928 94
939 2884 1148 2930 insuetas
1188 2901 1211 2929 r
1333 2888 1387 2929 95
1423 2859 1704 2944 exultantque
1736 2884 1798 2929 L⁰

32 2969 35 2978 2
105 2947 158 2986 97
193 2943 318 2989 bella
349 2949 454 2988 Ρω.
491 2943 588 2988 tela
620 2949 687 2987 Dr
