2040 3164
672 115 1014 161 THEBAIDOS
1047 116 1158 162 LIB.
1185 115 1260 160 VI.
1713 117 1821 169 235

118 252 342 306 callidus
384 255 437 306 et
477 253 677 306 celsum
717 255 1005 322 procurvat
1045 252 1277 323 Agyllea
1317 252 1546 322 TydeuS‚

118 327 419 380 submissus
459 330 611 397 tergo
653 331 706 380 et
746 327 971 398 genibus
1013 327 1220 380 vicinus
1260 327 1503 380 harenae.

117 401 210 454 ille
251 405 444 470 autem,
483 400 671 470 Alpini
710 401 878 454 veluti
918 402 1102 472 regina
1144 420 1427 471 cupressus

118 477 332 528 verticis
372 477 625 546 urguenti
665 476 923 528 cervicem
963 476 1188 528 inclinat
1226 477 1284 529 in
1324 480 1506 529 austro
1736 489 1822 529 855

117 551 208 602 vix
248 569 359 603 sese
397 551 576 604 radice
615 554 816 618 tenenS‚
856 555 1139 619 terraeque
1179 552 1522 621 propinquat,

116 625 429 678 iamdudum
469 625 732 677 aetherias
773 625 957 677 eadem
997 626 1234 678 reditura
1273 626 1371 678 sub
1413 644 1591 678 auras:

112 708 226 752 non
267 717 417 752 secus
457 699 703 770 ingentes
743 703 891 752 artus
931 701 1236 768 praecelsus
1277 700 1539 771 Agylleus

118 777 310 843 sponte
342 775 539 842 premit
570 792 906 843 parvumque
939 792 1156 844 gemens
1184 775 1491 844 duplicatur
1514 777 1571 828 in
1595 776 1824 844 hostem,

116 854 170 901 et
188 849 293 901 iam
312 849 517 901 alterna
535 866 724 901 manus
744 849 1087 917 frontemque
1104 867 1427 918 umerosque
1444 851 1690 919 latusque
1735 863 1822 903 860

111 924 362 992 collaque
402 927 727 991 pectoraque
767 927 819 975 et
858 923 1086 976 vitantia
1126 942 1280 976 crura
1318 925 1549 978 lacessit.

116 997 491 1066 interdumque
532 998 623 1050 diu
661 998 894 1066 pendent
934 1016 1030 1066 per
1069 1001 1256 1050 mutua
1295 999 1423 1051 fulti

115 1071 380 1140 bracchia,
418 1090 561 1124 nunc
601 1072 743 1124 saevi
785 1073 1077 1142 digitorum
1117 1074 1333 1126 vincula
1373 1073 1648 1145 frangunt.

112 1165 223 1198 non
262 1147 339 1199 sic
379 1147 627 1199 ductores
667 1148 867 1216 gemini
907 1149 1086 1218 gregis
1126 1147 1344 1200 horrida
1386 1149 1530 1201 tauri

114 1221 256 1273 bella
294 1225 532 1292 movent3
572 1222 748 1274 medio
790 1223 1023 1274 coniunx
1064 1226 1172 1275 stat
1213 1223 1437 1276 candida
1476 1227 1632 1293 prato
1733 1237 1820 1276 865

114 1295 373 1348 victorem
413 1299 712 1364 expectans⁷
751 1301 1010 1365 rumpunt
1052 1297 1250 1349 obnixa
1290 1299 1529 1350 furentes

111 1374 346 1439 pectora,
386 1370 569 1422 subdit
608 1389 758 1423 amor
798 1371 1046 1424 stimulos
1088 1375 1140 1423 et
1180 1372 1399 1425 volnera
1439 1377 1616 1426 sanat:

112 1445 373 1497 fulmineo
415 1446 491 1498 sic
532 1445 689 1497 dente
730 1463 866 1514 sueS‚
907 1446 983 1499 sic
1021 1446 1233 1515 hispida
1274 1451 1456 1516 turpes

114 1519 318 1588 proelia
356 1519 564 1572 villosis
604 1519 792 1572 ineunt
833 1520 1199 1589 complexibus
1242 1522 1366 1574 ursi.

113 1594 195 1646 vis
236 1594 418 1647 eadem
460 1592 715 1664 Oenidae3
754 1613 851 1646 nec
891 1597 1001 1647 sole
1041 1599 1133 1646 aut
1173 1597 1390 1665 pulvere
1429 1597 1560 1649 fessi
1728 1610 1816 1650 870

113 1669 353 1720 membra
390 1668 592 1737 labant,
630 1669 771 1739 riget
811 1672 926 1720 arta
966 1671 1103 1721 cutis
1146 1671 1399 1739 durisque
1439 1672 1686 1727 laborum

112 1743 375 1813 castigata
413 1744 560 1795 toris,
640 1748 826 1796 contra
865 1762 976 1796 non
1015 1746 1224 1815 integer
1263 1747 1355 1798 ille

233 1997 317 2036 852
352 1993 521 2050 agylea
554 1999 586 2036 P
724 1998 809 2037 853
845 1993 1126 2039 Summissus
1159 2001 1213 2039 P:
1263 1979 1363 2050 —uiii
1397 1997 1453 2045 αἳ
1584 2002 1669 2041 855
1705 1998 1819 2042 Ver-

112 2053 230 2096 tices
263 2058 296 2094 P
386 2053 607 2109 urguenti
639 2058 693 2096 P:
727 2056 818 2097 —tes
851 2069 917 2098 w:
952 2054 1168 2113 ingentes
1201 2060 1240 2098 N
1332 2056 1379 2098 in
1411 2061 1522 2100 Pm:
1565 2058 1625 2100 ad
1659 2062 1730 2100 Νι·

113 2113 163 2156 in
195 2114 353 2156 austro
387 2113 464 2170 (ab
498 2128 537 2156 a.
571 2114 807 2171 Imhosius)
834 2115 1089 2160 Baehrens:
1123 2115 1174 2158 in
1206 2117 1389 2159 austros
1415 2121 1518 2171 Ρω,
1551 2117 1628 2161 sed
1661 2123 1818 2162 austro

109 2218 251 2272 flante
269 2218 526 2273 aquilonem
541 2230 696 2262 versus
719 2219 901 2262 arbores
922 2220 1153 2263 inclinant
1177 2222 1363 2264 cervices
1456 2225 1540 2264 856
1575 2188 1737 2275 tenent
1763 2222 1820 2270 αἱ

204 2280 287 2320 857
335 2276 615 2319 Iamdudum
654 2281 763 2320 Pw:
814 2279 1028 2322 actutum
1075 2280 1395 2324 Phillimorius
1440 2281 1567 2325 haud
1614 2282 1730 2326 male

111 2335 302 2380 umbras
328 2341 355 2378 c
478 2340 564 2380 858
597 2335 789 2392 agyleus
814 2342 846 2379 P
969 2342 1053 2382 859
1087 2339 1267 2383 hostem
1295 2355 1361 2383 w:
1396 2342 1462 2382 -te
1491 2345 1524 2382 P
1647 2345 1733 2384 860
1760 2341 1820 2384 Et

111 2439 209 2482 iam
242 2454 308 2507 02:
357 2439 456 2483 Iam
488 2445 540 2484 P:
590 2439 781 2495 Iamque
814 2445 835 2482 f
984 2447 1068 2510 861
1101 2403 1305 2487 vitantia
1337 2443 1412 2487 bl:
1462 2444 1681 2487 nutantia
1711 2449 1733 2486 f

112 2532 200 2572 864
250 2509 517 2583 slgductores
567 2527 624 2576 Q?
761 2533 846 2573 866
888 2512 1088 2584 obndxia
1130 2532 1185 2580 αι
1292 2532 1501 2576 furentes
1543 2548 1598 2577 επ
1638 2534 1720 2577 -tis
1761 2538 1816 2577 B:

113 2617 196 2660 -tis
228 2621 254 2660 b
378 2622 462 2660 867
497 2599 687 2662 vdlnera
720 2618 798 2662 Bl:
833 2618 1025 2663 vulnera
1056 2625 1088 2662 P
1181 2624 1318 2665 sanat
1349 2627 1438 2666 Ρω
1473 2623 1519 2680 (i.
1546 2637 1578 2667 e.
1615 2625 1818 2668 consola-

114 2682 210 2731 twr,
251 2678 570 2733 commendat):
621 2677 750 2721 lavat
782 2693 844 2732 με
894 2679 1063 2723 suadet
1095 2680 1210 2735 Leo,
1244 2681 1345 2725 Seu.
1373 2687 1488 2740 ὐφ’-αθ.
1516 2684 1552 2726 I
1561 2697 1609 2738 p.
1638 2686 1728 2726 107

112 2740 200 2779 868
240 2736 483 2780 Fulmineo
524 2741 614 2779 Pb:
664 2737 761 2780 -nei
793 2753 853 2793 ω,
896 2740 951 2794 cf.
983 2742 1073 2783 750
1182 2755 1286 2783 sues
1324 2756 1379 2785 ew
1410 2756 1481 2786 -os
1513 2742 1570 2783 Β1
1662 2742 1820 2800 ὶιίεΡίΞ

114 2839 254 2883 datur
299 2854 380 2896 pes
421 2841 498 2898 (a)
535 2844 568 2882 B
689 2840 847 2896 hispia
888 2841 947 2884 da
988 2846 1041 2890 Q:
1091 2843 1246 2900 ispida
1286 2850 1317 2887 L
1442 2849 1527 2888 869
1566 2803 1728 2938 villostis
1753 2851 1820 2888 Lo

1638 2916 1722 2938 ara,

205 2947 290 2988 870
323 2943 433 2987 fessi
465 2949 519 2989 P:
568 2943 686 2987 fessa
724 2959 768 2988 ω
907 2949 991 2988 871
1026 2946 1148 3003 riget
1189 2963 1244 2993 ex
1283 2951 1416 3006 reget
1447 2948 1516 2991 Μ1
1622 2952 1724 2994 atra
1756 2955 1788 2992 L
