2132 3152
271 97 436 141 LXXII
492 61 525 67 Q
794 95 1072 140 EDITORIS
1104 95 1446 140 PRAEFATIO

277 240 323 299 1,
351 239 455 285 772
488 239 702 299 recepto,
735 253 882 298 quem
913 238 1110 299 praeter
1135 235 1431 285 Garrodium
1456 253 1598 286 nemo
1625 237 1784 286 editor
1816 253 1966 302 agno-

272 312 362 360 vit.
422 311 635 373 pendere
669 313 835 358 autem
867 311 1165 359 Etonensem
1199 327 1228 358 a
1261 311 1425 360 codice
1459 310 1690 360 Carolina
1722 314 1968 374 scriptura

274 388 475 434 exarato
502 388 712 447 apparet
744 401 801 432 ex
825 385 946 434 Ach.
969 387 1015 445 2,
1037 386 1139 432 136
1175 385 1259 432 ubi
1284 389 1323 432 -t
1352 385 1516 433 finalis
1542 401 1599 433 ea
1624 386 1870 448 scriptura
1893 389 1967 434 in-

273 461 482 509 venitur.
509 460 560 508 id
570 475 685 508 vero
700 460 950 521 exemplar
962 460 1135 521 procul
1149 459 1298 507 dubio
1314 459 1551 508 collatum
1565 463 1672 508 erat
1685 476 1968 509 cumexem-

274 536 405 597 plari
435 534 647 596 quodam
682 533 1028 595 antiquissimo
1061 533 1278 582 eiusdem
1311 536 1480 596 stirpis
1515 534 1578 582 ad
1611 551 1758 596 quam
1783 535 1969 583 Iuliani

275 609 425 658 codex
464 609 718 670 pertinuit.
785 608 917 669 quod
949 607 1082 670 apud
1114 608 1462 657 Benedictinos
1500 609 1680 656 Italiae
1719 610 1968 657 inferioris

273 686 524 731 servatum
543 677 707 731 ¹fuisse
739 698 839 730 non
870 684 1082 730 miratur
1115 682 1199 744 qui
1233 684 1410 744 quanti
1440 683 1591 744 pretii
1621 683 1773 731 libros
1805 700 1969 746 posse-

274 757 452 818 derint,
484 757 722 805 memoria
754 758 903 805 tenet.
963 771 1112 818 quam
1143 772 1247 804 rem
1281 756 1601 805 Schenkelius
1637 760 1969 820 perspexerat,

274 833 419 895 nugis
460 831 714 879 obstruere
747 832 951 879 conatus
984 833 1058 878 est
1091 830 1374 892 Garrodius,
1415 847 1526 880 cum
1557 831 1680 879 dicit
1718 833 1771 879 in
1802 831 1970 880 Achil-

274 905 418 954 leidis
458 906 788 967 praefatione:
826 920 946 953 num
979 907 1104 954 cm‘m
1136 907 1265 953 credi
1287 909 1443 966 potest
1482 907 1687 954 codicem
1718 908 1801 965 qui
1839 908 1970 954 toties

276 995 384 1028 cum
430 981 530 1028 solo
576 980 820 1028 Puteaneo
860 981 1110 1036 consentit,
1148 994 1417 1040 numquam
1454 995 1620 1028 veram
1658 980 1900 1028 lectionem
1939 996 1971 1030 a

275 1048 519 1103 Puteaneo
558 1056 813 1114 ceterisque
850 1055 1086 1102 amissam
1123 1055 1375 1102 servasse?
1450 1056 1620 1116 itaque
1660 1070 1759 1102 non
1790 1056 1971 1102 mirum

275 1129 408 1191 quod
439 1129 738 1176 Etonensem
773 1130 826 1175 in
857 1129 1136 1176 manifestis
1169 1144 1362 1191 quoque
1396 1128 1865 1190 interpolationibus
1899 1145 1969 1177 se-

276 1205 447 1265 quitur
478 1203 616 1251 velut
647 1202 767 1251 Ach.
799 1205 843 1263 1,
864 1203 983 1251 506.
1021 1205 1066 1262 1,
1088 1204 1190 1250 723
1224 1206 1280 1250 ut
1313 1203 1412 1251 alia
1444 1204 1687 1250 omittam.

390 1277 598 1339 denique
639 1280 695 1324 ut
726 1276 944 1325 breviter
982 1277 1152 1339 qualia
1191 1278 1299 1325 fata
1336 1277 1489 1325 Statii
1521 1277 1785 1325 Thebaidis
1819 1277 1970 1326 fuisse

276 1352 560 1412 videantur,
603 1367 960 1414 proponamus,
1004 1351 1223 1399 omnium
1267 1352 1491 1399 codicum
1535 1351 1831 1413 archetypus
1872 1368 1971 1399 non

276 1429 392 1474 ante
432 1429 665 1488 quartum
705 1426 956 1473 saeculum
995 1441 1084 1474 nec
1122 1427 1290 1473 tamen
1337 1428 1449 1488 post
1491 1427 1719 1487 quintum
1759 1427 1970 1488 scriptus

276 1501 557 1562 procreavit
587 1501 784 1548 saeculo
819 1501 993 1561 quinto
1026 1502 1224 1547 sextove
1256 1501 1309 1547 in
1342 1500 1491 1548 Italia
1525 1499 1743 1548 codicem
1771 1499 1972 1560 Iuliani,

278 1574 462 1623 eisdem
493 1573 799 1636 temporibus
839 1575 890 1621 in
924 1572 1089 1622 Gallia
1120 1576 1349 1638 regnavit
1385 1573 1487 1622 eius
1519 1576 1794 1637 progenies.
1858 1574 1971 1621 dein

277 1649 428 1697 codex
459 1649 546 1696 ille
576 1648 762 1696 Iuliani
800 1648 996 1696 saeculo
1029 1651 1205 1697 octavo
1245 1649 1416 1697 multis
1450 1648 1643 1696 damnis
1675 1647 1876 1696 affectus
1910 1649 1970 1696 ab

278 1722 546 1771 Aelberhto
589 1722 958 1784 archiepiscopo
997 1723 1298 1771 Eboracensi
1336 1722 1388 1770 in
1421 1723 1734 1770 Britanniam
1773 1722 1972 1770 videtur

279 1812 383 1846 esse
414 1797 703 1856 translatuS,
735 1797 863 1845 unde
899 1796 1064 1846 Caroli
1094 1797 1268 1860 Magni
1299 1799 1463 1845 aetate
1495 1812 1584 1858 per
1614 1795 1897 1856 Alcuinum,
1930 1798 1972 1844 si

280 1873 591 1919 coniecturae
623 1871 758 1919 locus
783 1870 947 1931 datur,
980 1873 1084 1919 eius
1118 1871 1460 1935 apographum
1484 1870 1693 1918 insulari
1724 1871 1972 1933 scriptura

280 1947 537 1994 exaratum
569 1946 622 1992 in
655 1944 873 1994 Galliam
903 1946 1144 2007 pervenit.
1195 1961 1223 1992 a
1257 1961 1353 2007 quo
1386 1945 1552 1993 codice
1583 1947 1717 1992 recta
1749 1946 1832 1993 via
1864 1945 1971 1993 des-

280 2019 446 2068 cendit
476 2019 768 2068 Puteaneus.
818 2020 989 2068 eadem
1021 2020 1121 2068 fere
1155 2021 1319 2068 aetate
1350 2020 1429 2067 vel
1463 2019 1613 2082 paulo
1643 2021 1758 2067 ante
1791 2035 1815 2066 e
1847 2019 1969 2067 late-

278 2094 380 2142 bris
415 2095 616 2142 emersit
640 2093 789 2142 codex
823 2094 883 2141 ab
908 2094 1054 2142 initio
1079 2094 1301 2154 mutilus,
1333 2093 1462 2141 unde
1487 2093 1603 2140 libri
1627 2111 1672 2140 ω
1704 2094 1972 2157 propagati

280 2170 407 2217 sunt.
470 2170 590 2216 tunc
622 2169 672 2215 et
704 2183 761 2215 ex
793 2167 975 2216 codicis
1002 2172 1044 2216 P
1078 2167 1347 2229 exemplari
1378 2168 1612 2216 lectiones
1646 2166 1887 2228 quaedam
1918 2169 1971 2214 in

281 2242 502 2304 singulos
543 2242 732 2290 codices
765 2260 810 2288 ω
850 2242 1176 2304 inrepserunt,
1211 2244 1260 2290 et
1297 2243 1351 2289 in
1381 2241 1506 2289 illud
1539 2257 1595 2289 ex
1627 2242 1786 2289 altera
1819 2243 1971 2303 stirpe

283 2316 527 2378 quaedam
549 2316 710 2364 inlata
736 2318 863 2364 sunt.
906 2331 934 2362 a
961 2316 1248 2364 duodecimo
1274 2317 1375 2363 fere
1400 2315 1596 2364 saeculo
1622 2330 1731 2362 cum
1759 2314 1970 2364 Thebais

282 2392 331 2438 et
363 2390 602 2438 Achilleis
634 2392 795 2454 magis
828 2389 982 2437 etiam
1021 2391 1239 2438 lectitari
1272 2392 1475 2452 coeptae
1507 2391 1684 2450 essent,
1716 2389 1863 2436 multi
1895 2404 1971 2437 co-
2070 2439 2071 2443 ,

282 2464 412 2512 dices
446 2465 621 2526 scripti
651 2467 787 2524 sunt,
821 2464 980 2512 denuo
1013 2466 1063 2512 et
1100 2465 1231 2512 inter
1263 2479 1312 2512 se
1345 2463 1516 2512 collati
1548 2466 1598 2511 et
1630 2478 1741 2511 cum
1772 2467 1814 2511 P
1848 2465 1970 2524 ipso,
2068 2477 2071 2483 ¹

282 2538 410 2585 unde
430 2540 761 2587 recentiorum
781 2537 1022 2586 librorum
1037 2537 1184 2586 turba
1203 2531 1280 2604 (ς)
1308 2538 1572 2585 emanavit.
1612 2538 1664 2584 in
1690 2536 1866 2598 quibus
1892 2537 1971 2585 hic

281 2613 387 2660 illic
412 2612 605 2674 aliquid
630 2614 760 2660 recte
793 2612 1108 2660 emendatum
1133 2614 1221 2672 est,
1253 2614 1468 2660 ceterum
1499 2610 1642 2673 probi
1667 2610 1793 2658 nihil
1830 2610 1968 2659 inest.

394 2761 629 2822 quoniam
669 2759 727 2808 de
768 2759 1018 2807 codicibus
1059 2762 1371 2822 quaestiones
1421 2761 1662 2820 quatenus
1709 2757 1817 2805 fieri
1861 2761 1971 2820 pot-

283 2836 403 2893 erat,
436 2833 752 2893 absolvimus,
784 2836 940 2882 restat
971 2837 1030 2882 ut
1061 2834 1285 2881 tabulam
1316 2847 1648 2895 proponamus
1683 2846 1853 2879 eorum
1885 2847 1969 2879 no-

283 2907 472 2955 minum
506 2924 630 2969 quae
661 2909 714 2955 in
748 2910 993 2970 apparatu
1026 2909 1197 2956 critico
1228 2906 1555 2955 laudavimus.
