2040 3164
441 46 477 55 —x

217 107 324 161 228
822 105 870 150 P.
902 104 1108 149 PAPINI
1139 104 1314 149 STATI

218 244 313 296 illa
351 261 514 296 manu
552 259 748 313 magna
788 244 841 294 et
878 241 1052 293 multo
1090 240 1300 293 felicior
1339 240 1463 310 exit,

217 337 315 371 nec
351 320 559 387 partem
600 317 847 387 exiguam
889 315 1017 368 circi
1050 317 1357 368 transvecta
1397 315 1614 384 quievit.

219 393 283 445 fit
324 410 502 460 sonus,
543 393 596 443 et
632 391 741 442 fixa
779 391 1023 461 signatur
1060 392 1203 442 terra
1242 389 1454 460 sagitta.

219 467 412 520 tertius
452 465 835 534 Hippomedon
872 464 1050 516 valida
1087 463 1154 515 ad
1194 463 1485 516 certamina
1522 464 1706 518 tardos

222 541 442 594 molitur
481 557 720 610 gressus3
758 556 990 606 namque
1029 537 1181 591 illum
1222 538 1380 591 corde
1420 539 1518 591 sub
1559 539 1668 591 alto
1831 552 1914 592 705

225 619 278 669 et
318 632 470 667 casus
509 613 781 684 Phlegyae
820 615 1002 665 monet
1042 615 1095 665 et
1134 612 1352 664 fortuna
1389 611 1702 666 Menesthei.

224 689 386 760 erigit
424 687 706 741 adsuetum
746 687 959 740 dextrae
999 689 1281 756 certamen,
1321 689 1374 739 et
1414 687 1520 741 alte

226 766 531 817 sustentans
571 761 911 833 rigidumque
949 761 1093 813 latus
1132 760 1404 830 fortesque
1442 761 1672 815 lacertos

227 837 459 892 consulit
498 854 559 889 ac
598 838 750 889 vasto
792 838 1111 904 contorquet
1149 835 1380 904 turbine,
1419 838 1472 888 et
1511 836 1624 904 ipse

223 911 582 982 prosequitur.
659 910 803 980 fugit
841 909 1109 962 horrendo
1149 928 1245 978 per
1283 909 1463 962 inania
1502 911 1643 963 saltu
1833 923 1918 962 710
1947 902 1955 911 ⁸

225 987 438 1054 iamque
476 986 665 1055 procul
702 985 948 1037 meminit
986 984 1202 1036 dextrae
1242 986 1523 1054 servatque
1562 987 1802 1037 tenorem

229 1061 422 1129 (1180118,
461 1077 558 1112 1180
598 1059 761 1112 dubia
799 1058 1045 1112 iunctave
1084 1058 1395 1112 Menesthea
1434 1060 1635 1112 victum

227 1134 515 1187 transabiit
552 1137 716 1186 meta:
754 1133 914 1202 longe
955 1150 1114 1202 super
1153 1134 1361 1186 aemula
1400 1134 1554 1204 signa

226 1208 472 1266 ,consedit
509 1208 812 1276 viridesque
850 1225 1062 1260 umeros
1104 1210 1157 1259 et
1196 1225 1360 1275 opaca
1399 1207 1596 1260 theatri

230 1283 465 1338 culmina
505 1300 602 1336 0811
639 1282 779 1335 latae
818 1280 1115 1334 tremefecit
1153 1281 1293 1334 mole
1332 1282 1539 1334 ruinae:
1839 1293 1921 1332 715

232 1357 388 1427 quale
427 1356 728 1426 vaporifera
769 1374 955 1409 saxum
994 1355 1362 1424 Polyphemus
1402 1356 1467 1409 ab
1507 1354 1682 1408 Aetna

230 1432 366 1485 lucis
407 1434 596 1502 egente
635 1450 795 1483 manu
834 1433 1014 1483 tamen
1054 1430 1110 1482 in
1149 1430 1377 1500 vestigia
1415 1430 1612 1500 puppis

232 1506 441 1560 auditae
481 1506 735 1574 iuxtaque
774 1504 1049 1557 inimicum
1089 1505 1267 1575 exegit
1306 1503 1515 1558 Ulixen.

235 1581 336 1650 [sic
375 1583 429 1633 et
468 1578 708 1646 Aloidae,
748 1597 866 1632 cum
906 1579 1012 1631 iam
1053 1580 1280 1632 calcaret
1321 1577 1607 1648 Olympum

235 1655 460 1723 desuper
500 1652 635 1707 Ossa
672 1653 867 1724 rigens,
906 1653 1083 1722 ipsum
1127 1652 1348 1724 glaciale
1387 1653 1630 1706 ferebant
1842 1665 1925 1704 720

230 1728 425 1782 Pelion
465 1731 517 1780 et
555 1728 766 1796 trepido
808 1728 1086 1796 spirabant
1124 1728 1344 1798 iungere
1384 1726 1568 1796 caelo]

347 1806 463 1855 tum
503 1802 716 1873 genitus
757 1801 921 1854 Talao
961 1801 1154 1854 victori
1193 1802 1361 1872 tigrin
1399 1802 1611 1854 inanem

235 1878 315 1930 ire
354 1877 518 1945 iubet,
558 1877 706 1929 fulvo
748 1894 883 1945 quae
925 1875 1244 1929 circumfusa
1281 1876 1488 1928 nitebat

359 2057 440 2096 701
475 2051 563 2096 Illa
595 2067 660 2096 w:
701 2050 787 2096 Ille
818 2056 888 2100 P5
978 2050 1126 2096 multo
1159 2056 1247 2100 1²5:
1289 2053 1411 2095 -tum
1445 2066 1490 2095 ω
1623 2054 1707 2094 704
1738 2050 1875 2094 tarda
1906 2065 1929 2092 r

331 2146 414 2185 706
447 2140 693 2198 phlegycie
717 2146 749 2183 P
840 2121 1062 2184 1801181112
1153 2140 1403 2193 mesnestei
1428 2139 1484 2189 αἱ
1576 2143 1660 2183 707
1695 2141 1930 2184 certamen

237 2206 307 2250 P5
334 2202 579 2246 Barthius:
613 2202 856 2257 gestamen
890 2214 934 2243 ω
1059 2204 1143 2243 708
1178 2199 1419 2243 Sustentas
1446 2204 1474 2241 c
1596 2202 1681 2242 710
1713 2198 1838 2255 fugit
1861 2213 1928 2243 w:

241 2263 288 2305 et
318 2260 444 2317 fugit
474 2264 506 2302 P
644 2264 726 2303 712
760 2259 977 2303 iunctave
1017 2273 1082 2303 w:
1133 2272 1243 2314 ·que
1275 2263 1308 2301 P
1446 2263 1529 2302 713
1567 2257 1869 2302 Transhabiit
1898 2262 1930 2300 1.
1969 2282 1972 2285 >

330 2365 455 2407 meta
487 2378 553 2407 w:
595 2364 689 2406 -tas
725 2367 758 2405 P
911 2367 994 2406 714
1026 2362 1234 2408 theathri
1273 2366 1341 2405 Bb
1495 2366 1579 2406 715
1611 2318 1828 2416 Eculmina,
1858 2360 1932 2404 Μσ

335 2427 417 2466 716
464 2421 729 2478 vaporifera
782 2436 837 2466 ex
889 2437 971 2465 -ru
1017 2426 1068 2464 Pr
1210 2421 1537 2478 poliphoemus
1584 2426 1616 2463 P
1759 2421 1932 2465 aethna

242 2526 297 2556 ex
329 2525 402 2554 —ra
432 2510 483 2554 b²
619 2515 702 2554 717
737 2491 875 2567 puppis
906 2510 947 2553 1²
1079 2514 1164 2554 718
1195 2490 1434 2566 Audita?
1437 2516 1453 2535 ⁰
1558 2523 1670 2580 -que
1710 2524 1792 2554 om.
1825 2514 1847 2552 f

242 2570 486 2615 inimicum
531 2585 599 2614 ω.
646 2570 821 2614 1111011111
867 2574 900 2612 P
1051 2573 1282 2614 719-721
1340 2571 1550 2627 leguntur
1598 2571 1650 2614 in
1695 2569 1933 2614 nonnullis

244 2631 473 2675 codicibus
505 2643 545 2684 5,
570 2635 678 2686 post
710 2633 792 2672 706
825 2630 1012 2674 collocat
1043 2630 1267 2684 Halmius,
1299 2630 1352 2675 de
1383 2629 1523 2674 Statii
1558 2629 1786 2674 Thebaide
1811 2631 1934 2673 1892

239 2703 288 2746 p.
315 2693 417 2742 145,
449 2690 506 2745 cf.
535 2665 729 2733 'Hermes
759 2692 818 2755 40
847 2691 1009 2744 (1905)
1038 2703 1084 2744 10.
1112 2692 1202 2734 363
1324 2692 1408 2731 719
1443 2687 1646 2731 calcaret
1679 2702 1726 2736 5:
1761 2687 1934 2731 celaret
1966 2679 1968 2682 ’
2036 2665 2040 2684 Ἰ

251 2749 508 2793 Gronovius
661 2751 744 2791 720
791 2747 945 2804 ipsum
984 2748 1120 2791 idem:
1171 2747 1322 2804 ipsam
1360 2747 1429 2791 vel
1466 2761 1539 2791 -sa
1573 2761 1599 2795 5
1719 2745 1934 2791 ferebant

251 2808 528 2852 Gronovius.
579 2805 680 2849 -bat
720 2820 747 2855 5
885 2811 966 2849 721
1010 2806 1252 2862 spirabant
1291 2808 1345 2851 K
1350 2807 1531 2851 lotzzus
1581 2805 1822 2873 spirabant
1867 2805 1934 2849 vel

249 2880 373 2923 sper·
408 2881 434 2915 5
557 2870 639 2909 722
673 2865 790 2909 Tum
823 2869 931 2909 Ρω·
981 2865 1111 2909 Tunc
1136 2869 1262 2919 αμν
1351 2865 1552 2924 gemitus
1586 2869 1634 2909 c:
1682 2864 1884 2922 gemitus
1914 2863 1938 2907 f

249 2925 403 2970 ianem
437 2929 465 2967 c
587 2929 669 2968 723
704 2925 984 2969 circumfusa
1014 2923 1256 2969 αις-111188
1287 2929 1350 2967 Pf
