2066 3178
668 96 949 142 EDITORIS
982 95 1324 140 PRAEFATIO
1700 94 1849 139 XXIX

255 242 372 290 hinc
404 243 615 304 apparet
637 233 703 300 μ2
734 239 899 289 codice
931 254 1075 289 usum
1116 254 1220 288 esse
1253 237 1415 287 alieno
1449 237 1510 286 ab
1543 237 1613 286 eis
1652 238 1706 286 in
1739 237 1846 300 qui-

146 317 238 366 bus
270 317 349 365 illi
379 331 548 365 versus
591 331 690 364 non
728 316 980 380 leguntur.
1052 330 1164 363 cum
1195 328 1312 362 vero
1356 313 1403 374 9,
1430 313 1534 361 378
1568 328 1629 359 ne
1674 329 1704 361 a
1744 327 1846 360 cor-

142 394 332 441 rectore
358 390 558 453 quidem
583 391 841 453 suppletus
868 391 948 450 sit,
981 405 1159 452 parum
1177 389 1284 437 veri
1301 387 1462 437 simile
1481 389 1572 450 est,
1604 386 1656 435 in
1681 386 1845 436 codice

145 466 206 514 ab
240 482 296 515 eo
329 466 485 514 ascito
520 482 631 513 eum
665 466 901 513 extitisse.
949 465 1079 512 unde
1112 464 1440 527 seiunguntur
1470 464 1670 524 praeter
1700 466 1744 510 P
1777 465 1845 510 et-

141 542 244 589 iam
274 545 397 589 DN.
462 540 547 589 sed
587 541 699 588 aliis
739 540 860 588 locis
892 534 959 599 μ2
999 538 1170 601 aliqua
1211 539 1341 586 certe
1375 536 1619 586 affinitate
1652 553 1763 584 cum
1795 540 1848 585 N

143 617 462 664 coniunctum
495 630 598 663 esse
631 614 885 678 probatur,
917 614 970 661 id
1005 613 1135 675 quod
1167 613 1339 675 paucis
1371 611 1682 660 monstrabo:

255 692 302 752 3,
324 693 388 738 71
417 690 752 750 ominibusque
769 682 862 756 (sic
879 682 1003 756 Ρω)
1022 689 1071 735 in
1090 688 1344 737 nonnullis
1370 686 1621 735 codicibus
1639 679 1846 754 (BlLf)

145 767 435 828 corruptum
459 767 535 813 est
561 765 613 812 in
638 765 966 825 owmibusque.
1018 763 1149 826 quod
1182 778 1292 810 cum
1325 762 1490 811 versui
1514 778 1614 810 non
1644 777 1845 824 respon-

143 841 294 900 deret,
327 842 502 887 natum
536 842 611 888 est
642 842 918 900 cummisque
948 838 1002 886 in
1025 841 1150 898 NG3
1183 837 1316 885 idem
1347 830 1414 897 μ2
1443 838 1497 884 in
1528 852 1705 885 rasura
1729 836 1846 884 scri-

140 916 255 977 psit.
303 915 475 977 itaque
501 915 623 977 quin
647 915 701 961 in
724 934 766 973 μ
792 913 853 962 ab
877 915 1026 962 initio
1051 916 1139 960 aut
1163 913 1499 973 ominibusque
1525 913 1613 960 aut
1635 911 1688 959 id
1713 911 1845 973 quod

139 990 264 1038 mihi
304 990 501 1052 quidem
534 989 842 1051 probabilius
875 991 950 1037 est
981 988 1296 1048 omnibusque
1339 988 1582 1049 extiterit,
1626 1003 1724 1034 non
1772 989 1846 1035 est

141 1065 361 1113 dubium.

257 1143 300 1200 7,
329 1141 434 1187 764
466 1155 557 1202 pro
583 1141 797 1188 devitare
821 1138 1030 1200 simplex
1055 1137 1259 1187 verbum
1284 1130 1351 1196 μ1
1375 1138 1642 1199 scripserat
1664 1137 1844 1185 lacuna

138 1215 314 1263 relicta
346 1214 410 1262 ad
433 1229 631 1263 versum
655 1230 886 1262 mancum
912 1212 1282 1276 complendum:
1313 1214 1417 1260 iam
1440 1211 1742 1274 interposuit
1765 1203 1845 1270 (1⁶⁸,

137 1292 240 1338 iam
269 1292 425 1338 vitare
457 1291 618 1338 exstat
649 1289 700 1337 in
731 1293 797 1338 N.

252 1365 299 1426 8,
328 1365 356 1412 5
390 1380 481 1427 pro
523 1369 660 1413 artus
700 1380 819 1412 voce
851 1365 974 1412 atris
1013 1355 1080 1423 μ’ῃ
1112 1361 1395 1424 substituit,
1431 1377 1556 1423 quae
1590 1364 1664 1409 est
1695 1360 1844 1408 lectio

141 1439 366 1488 codicum
399 1433 545 1495 QIN.

253 1514 385 1576 quod
407 1516 462 1562 in
486 1513 651 1562 codice
667 1533 710 1573 μ
736 1514 970 1578 leguntur
990 1514 1037 1575 6,
1058 1512 1350 1561 227-233
1379 1513 1492 1574 post
1519 1512 1565 1573 6,
1586 1512 1708 1572 204,
1734 1526 1845 1558 cum

138 1604 236 1636 uno
271 1591 512 1652 quantum
545 1588 646 1638 scio
670 1592 723 1636 K
754 1603 1018 1637 consensus
1051 1589 1138 1636 est.
1188 1587 1273 1636 sed
1305 1586 1563 1649 proprium
1594 1585 1778 1634 codicis
1800 1605 1844 1645 μ

138 1667 396 1726 peccatum
429 1666 504 1713 est
538 1664 585 1725 6,
614 1665 719 1712 744
737 1678 807 1726 sq.
870 1679 988 1712 nam
1023 1664 1070 1724 6,
1100 1663 1389 1711 744—777
1423 1662 1590 1710 locum
1621 1663 1844 1710 mutave-

137 1741 268 1787 runt.
310 1755 398 1787 suo
425 1739 555 1787 enim
579 1738 688 1788 loco
714 1738 1071 1799 desiderantur,
1097 1737 1183 1786 sed
1207 1738 1497 1799 comparent
1520 1738 1635 1798 post
1662 1736 1709 1797 6,
1738 1737 1842 1784 794

138 1815 190 1861 in
216 1815 451 1862 continuo
475 1816 642 1861 textus
668 1813 854 1861 ordine.
894 1813 1140 1862 recentior
1165 1811 1367 1875 quidem
1392 1813 1639 1860 corrector
1671 1809 1842 1860 addito

139 1889 279 1954 signo
320 1890 360 1937 d
383 1891 434 1936 et
473 1888 537 1936 ad
571 1890 618 1950 6,
647 1890 749 1936 743
795 1890 844 1936 et
884 1888 948 1935 ad
981 1889 1028 1949 6,
1057 1888 1162 1936 794
1204 1902 1303 1950 quo
1335 1886 1696 1949 transponendi
1743 1885 1844 1934 sint

138 1979 323 2024 versus,
355 1966 512 2012 notat.
559 1964 730 2025 itaque
762 1964 975 2026 triginta
1008 1963 1248 2024 quattuor
1278 1977 1448 2011 versus
1480 1960 1702 2009 versibus
1735 1976 1842 2023 sep-

137 2038 380 2086 tendecim
421 2039 719 2086 intermissis
758 2038 1006 2101 leguntur.
1069 2036 1198 2084 unde
1237 2037 1561 2084 manifestum
1593 2037 1689 2096 est,
1723 2034 1844 2083 olim

141 2113 192 2160 in
223 2113 351 2161 libro
378 2114 519 2162 cuius
545 2112 755 2176 singulis
780 2114 979 2176 paginis
1003 2127 1174 2160 versus
1200 2113 1393 2173 septeni
1418 2111 1532 2158 deni
1556 2111 1841 2171 extiterunt,

139 2204 290 2236 unum
323 2188 498 2236 folium
525 2187 836 2236 transiluisse
867 2187 1142 2247 librarium,
1175 2187 1261 2234 sed
1292 2188 1561 2248 postquam
1592 2186 1841 2247 sequentis

139 2265 326 2311 rectam
356 2263 595 2326 paginam
628 2262 853 2323 confecit,
885 2264 1085 2326 cognito
1112 2277 1273 2309 errore
1300 2261 1533 2308 damnum
1567 2261 1838 2308 resarsisse.

137 2338 229 2386 hoc
261 2354 359 2386 non
391 2339 444 2384 in
468 2339 578 2399 ipso
605 2337 785 2385 codicis
812 2336 1082 2399 exemplari
1106 2337 1294 2384 factum
1319 2351 1423 2383 esse
1455 2335 1568 2383 inde
1602 2334 1838 2383 concludo

140 2411 269 2474 quod
308 2413 350 2460 is
390 2413 477 2474 qui
515 2412 699 2460 librum
738 2431 780 2471 μ
820 2414 1066 2473 exaravit,
1104 2412 1211 2473 ipse
1253 2426 1469 2459 errorem
1509 2427 1608 2459 non
1641 2409 1841 2458 videtur

139 2486 412 2551 agnovisse.
468 2486 659 2535 accedit
690 2487 823 2548 quod
856 2489 1115 2549 septenum
1147 2486 1327 2533 denum
1359 2500 1591 2534 versuum
1622 2485 1838 2549 paginae

138 2562 201 2609 ad
233 2561 606 2623 antiquissimos
637 2562 850 2609 maxime
877 2561 1066 2610 codices
1092 2562 1405 2609 conveniunt.
1445 2560 1615 2622 itaque
1640 2559 1837 2622 longius

139 2652 351 2684 errorem
383 2636 707 2698 repetendum
740 2652 843 2685 esse
876 2636 927 2683 in
959 2636 1225 2699 propatulo
1258 2637 1345 2683 est.

248 2711 301 2759 in
318 2711 661 2759 Monacensi
687 2712 882 2759 altero
905 2713 932 2758 1
948 2713 977 2760 9
995 2711 1071 2758 48
1089 2713 1115 2758 1
1139 2703 1282 2777 (olim
1302 2709 1657 2773 Tegernseensi
1676 2709 1835 2769 1491,
1868 2727 1901 2757 ν

138 2785 278 2834 nobis
303 2779 359 2851 ν)
400 2785 535 2834 foliis
572 2787 677 2834 140
708 2785 862 2834 Stacii
884 2788 1089 2847 papinii
1118 2777 1331 2851 sursulil
1354 2784 1579 2833 Rhetoris
1613 2786 1656 2832 et
1667 2776 1832 2850 poete!

138 2860 253 2909 bibra·
285 2859 406 2908 XII
443 2860 732 2921 Thebaydos
779 2861 1025 2923 leguntur.
1097 2861 1212 2922 post
1258 2859 1478 2923 singulos
1519 2874 1636 2907 vero
1683 2857 1835 2905 libros

139 2935 299 2982 solum
324 2934 476 2983 Statii
507 2950 686 2983 nomen
710 2936 985 2984 invenitur:
1015 2933 1171 2983 Stacii
1198 2934 1475 2983 Thebaidos
1500 2926 1670 3000 lib(er)
1696 2933 1735 2980 I
1760 2947 1835 2980 ex-
