2132 3152
665 113 945 159 EDITORIS
978 111 1323 157 PRAEFATIO
1679 111 1845 155 LXXV

143 260 189 307 N
200 259 371 319 auke,
389 257 756 306 Observationes
777 257 971 304 criticae
992 258 1035 303 et
1050 256 1400 316 qrammaticae
1421 254 1486 301 ad
1502 254 1558 301 P.
1576 253 1845 315 Papinium

216 332 439 382 Statium.
504 331 619 380 diss.
652 330 989 378 Vratislaviae
1027 333 1052 377 1
1063 330 1129 377 86
1140 331 1184 377 3.

145 414 341 476 Owen,
375 414 527 462 Class.
561 413 680 461 Rev.
719 414 783 460 19
820 405 1016 478 (1905)
1050 428 1096 473 p.
1123 413 1227 459 172
1247 404 1364 476 sqff)

144 497 184 545 Ρ
195 512 403 560 eyrare
415 496 473 544 di
513 496 821 544 coniecturas
864 510 920 542 ex
961 493 1151 541 schedis
1192 491 1595 541 Berolinensibus
1634 492 1847 554 protulit

143 571 519 695 Phffiqligorii
551 645 861 694 coniecturae
894 642 1028 705 apud
1061 640 1376 703 Garrodium,

144 721 452 784 Postgatii
485 719 617 781 apud
642 718 967 767 Wilkinsium
998 718 1286 779 propositae
1311 719 1440 764 sunt.
1496 718 1755 778 praeterea
1788 715 1840 762 cf

221 794 372 844 Class.
406 795 525 842 Rev.
564 794 629 842 18
665 786 860 860 (1904)
895 810 942 855 p.
973 793 1094 840 301.

149 876 402 934 Queckii
435 876 588 925 editio
619 875 683 923 ΙΙ.
747 874 947 937 Lipsiae
987 874 1144 921 1854.

149 958 181 1006 S
193 975 222 1006 a
231 976 264 1006 n
275 959 306 1006 d
315 975 338 1008 s
347 961 405 1007 tr
415 975 442 1007 o
455 975 480 1007 e
489 976 540 1005 m
550 996 562 1019 ,
594 957 772 1006 Studia
804 958 972 1005 critica
1002 958 1057 1004 in
1087 956 1357 1016 Papinium
1387 955 1612 1003 Statium.
1660 954 1851 1016 Upsala

220 1035 540 1082 universitets
574 1030 807 1081 &rsskrift
842 1035 867 1079 1
878 1032 944 1078 87
953 1033 999 1079 8.

149 1107 182 1156 S
194 1109 260 1156 ch
269 1125 295 1156 r
305 1124 334 1155 a
345 1108 377 1156 d
386 1123 411 1155 e
422 1110 476 1155 ri
507 1109 815 1156 coniecturas
857 1105 1015 1154 edidit
1046 1104 1298 1167 Hauptius
1333 1103 1510 1167 Opusc.
1544 1103 1621 1151 III
1655 1097 1708 1170 (1
1719 1104 1748 1150 8
1758 1105 1783 1150 7
1794 1097 1849 1169 6)

149 1256 181 1305 S
194 1201 280 1305 cli->i
288 1184 418 1306 3351
427 1275 459 1305 u
469 1185 512 1306 s1
521 1184 588 1304 ἒξ
596 1221 797 1304 ‘Menkii
829 1256 1021 1303 'schedis
1047 1254 1182 1317 apud
1198 1253 1570 1302 Kohlmannum
1602 1252 1851 1301 laudatur.

149 1332 182 1380 S
193 1332 211 1379 l
222 1349 250 1379 a
259 1335 282 1380 t
292 1349 318 1381 e
327 1334 380 1380 ri
412 1334 724 1381 coniecturae
758 1330 892 1392 apud
923 1330 1249 1377 Wilkinsium
1281 1330 1616 1391 proferuntur.

149 1414 189 1461 T
200 1414 244 1461 il
254 1415 274 1460 i
283 1430 310 1463 0
320 1414 352 1462 b
361 1431 387 1461 r
396 1431 424 1462 o
436 1431 468 1478 g
479 1431 508 1462 a
519 1432 542 1462 e
577 1405 982 1481 (Lindenbrogii)
1017 1412 1170 1460 editio
1203 1411 1412 1459 Parisiis
1448 1414 1474 1459 1
1485 1412 1605 1459 600.

149 1495 237 1544 Un
247 1513 279 1560 g
290 1512 315 1544 e
324 1513 374 1559 r,
406 1497 460 1544 P.
493 1497 696 1557 Papinii
726 1495 873 1544 Statii
898 1495 1085 1555 Ecloya
1116 1495 1302 1541 ultima.
1359 1494 1592 1541 accedunt
1622 1493 1680 1540 dc
1712 1491 1855 1540 Statii

225 1570 340 1618 locis
372 1572 688 1619 controversis
720 1572 1035 1618 coniectanca.
1100 1568 1274 1616 Novae
1309 1567 1562 1616 Strelitiae
1599 1570 1625 1615 1
1635 1568 1702 1615 86
1711 1568 1756 1614 8.

150 1652 431 1714 Vollmer,
466 1653 640 1701 Rhein.
674 1652 798 1701 Mus.
835 1653 899 1699 51
939 1644 1134 1718 (1896)
1168 1668 1214 1713 p.
1245 1651 1480 1698 27—34.

149 1734 215 1780 W
225 1750 254 1781 a
262 1735 298 1782 k
308 1751 333 1782 e
341 1735 368 1783 f
371 1736 390 1782 i
400 1752 425 1782 e
435 1735 454 1782 l
463 1735 521 1783 di
554 1737 863 1783 coniecturae
897 1733 1030 1796 apud
1061 1732 1330 1780 Mfillerum
1361 1732 1645 1780 laudantur.

149 1809 383 1931 nger,
408 1811 738 1858 commentatio
764 1810 823 1857 de
845 1808 974 1857 Stati
1001 1808 1159 1856 codice
1187 1807 1483 1856 Cassellam.
1532 1822 1697 1870 progr.
1723 1806 1854 1853 Mar-

258 1886 372 1947 urgi
407 1885 565 1932 1853.

151 1959 473 2007 Wilkinsii
514 1959 667 2006 editio
708 1957 924 2006 Londini
972 1958 1113 2005 1904
1156 1950 1373 2023 (Corpus
1412 1957 1676 2004 Poetarum
1715 1956 1857 2003 Lati-

224 2048 401 2080 norum
434 2034 502 2081 ed.
527 2035 751 2094 Postyate
775 2034 813 2080 I
819 2026 898 2098 V).

266 2126 565 2184 apparatum
597 2123 825 2171 criticum
850 2122 919 2171 sic
944 2122 1159 2183 institui,
1194 2124 1251 2169 ut
1282 2121 1580 2182 ubicumque
1615 2136 1643 2167 a
1677 2119 1858 2168 codicis

153 2197 394 2245 Puteanei
432 2198 616 2246 litteris
659 2197 991 2258 recessissem,
1034 2197 1402 2244 accuratissime
1446 2195 1758 2254 adnotarem,
1801 2210 1858 2241 ex

152 2271 360 2333 reliquis
393 2275 560 2320 autem
591 2272 733 2320 libris
774 2287 855 2320 eas
895 2272 1211 2333 potissimum
1243 2271 1481 2318 lectiones
1515 2268 1858 2329 adscriberem,

155 2346 334 2408 quibus
368 2349 456 2394 aut
488 2347 546 2394 de
582 2346 771 2410 origine
805 2346 1118 2410 singulorum
1152 2345 1343 2408 aliquid
1377 2344 1592 2392 efficitur
1625 2345 1714 2391 aut
1746 2358 1859 2408 cog-

154 2421 293 2468 natio
326 2421 550 2469 codicum
589 2422 886 2469 illustratur.
959 2437 1057 2482 qua
1088 2420 1142 2467 in
1173 2436 1226 2467 re
1260 2419 1323 2467 ad
1355 2421 1466 2481 ipsa
1498 2421 1675 2480 poetae
1707 2418 1859 2465 verba

156 2496 504 2543 constituenda
551 2495 792 2543 nonnulla
833 2494 998 2543 omitti
1037 2495 1257 2557 potuisse
1300 2496 1450 2555 atque
1491 2509 1594 2542 esse
1635 2493 1859 2540 homines

158 2569 337 2631 quibus
370 2570 572 2618 inutiles
606 2586 691 2618 eae
724 2569 958 2632 ambages
985 2569 1263 2630 videantur,
1298 2585 1357 2616 ne
1392 2583 1482 2632 ego
1517 2567 1718 2629 quidem
1752 2583 1859 2614 sum

156 2644 361 2693 nescius,
433 2645 519 2692 sed
552 2647 601 2692 et
639 2646 692 2691 in
725 2644 933 2707 singulis
965 2644 1106 2693 libris
1134 2643 1490 2692 vetustioribus
1524 2658 1641 2690 vera
1673 2641 1860 2689 tradita

157 2733 260 2766 esse
299 2733 442 2780 posse
483 2719 677 2767 ostendi
716 2721 766 2766 et
804 2719 1064 2767 historiam
1108 2721 1273 2766 textus
1308 2717 1526 2765 Statiani
1557 2716 1776 2764 indicare
1808 2716 1861 2762 in

158 2792 324 2841 animo
365 2793 530 2840 habui.
595 2794 674 2841 cui
713 2794 787 2841 rei
827 2793 957 2840 male
998 2794 1223 2855 profecto
1262 2791 1633 2851 consuluissem,
1667 2791 1710 2839 si
1742 2791 1860 2838 duo-

281 2960 322 3012 1)
355 2957 404 3000 in
435 2959 547 3000 nota
579 2957 640 3000 ad
674 2961 743 3011 10,
769 2961 853 3000 527
889 2956 1088 3013 corrige:
1124 2958 1190 3001 vel
1223 2970 1369 3001 assere
1401 2956 1531 3000 duro.
