2066 3178
686 85 966 132 EDITORIS
998 86 1345 132 PRAEFATIO
1805 89 1868 133 XI

165 233 337 280 contra
368 231 422 278 in
455 229 755 278 editionibus
788 232 903 292 post
929 228 1267 286 Queckianam
1300 229 1527 278 omnibus
1561 232 1761 293 recepta
1794 233 1868 279 est

162 306 284 354 haec
313 306 483 354 lectio:

431 403 548 450 dwm
583 402 801 451 Cadmus
833 405 959 465 arat,
992 402 1110 450 dum
1139 403 1329 450 semina
1359 406 1582 464 surywnt,

162 516 312 564 quam
338 500 510 548 dicunt
533 499 779 547 Puteanei
804 499 1103 547 auctoritate
1127 498 1332 560 firmari,
1358 499 1480 547 adeo
1504 502 1562 547 ut
1585 499 1865 548 Fridericus

162 575 386 623 Vollmer
425 575 637 623 alteram
685 575 942 636 suspectae
981 573 1099 621 fidei
1147 589 1251 621 esse
1296 569 1659 636 contenderit.¹)
1740 592 1866 637 quae

161 651 331 713 opinio
366 665 514 713 quam
546 650 675 697 falsa
708 650 795 708 sit,
835 650 1032 712 egregie
1063 647 1383 711 perspicitur,
1416 648 1502 696 ubi
1534 650 1655 712 quid
1687 650 1740 697 in
1771 650 1865 697 Pu·-

160 726 337 774 teaneo
371 724 614 787 scriptum
647 724 728 785 sit,
762 723 1052 786 diligentius
1087 723 1439 772 observaveris.
1502 725 1610 787 ipse
1644 726 1774 772 enim
1807 726 1865 772 li-

159 799 353 848 brarius
385 794 451 848 P1
481 815 714 847 mancum
744 814 942 847 versum
974 799 1045 846 sic
1076 798 1296 860 scripsit:

428 905 547 953 dum
583 903 801 952 Cadmus
834 906 959 959 arat,
993 905 1112 951 dum
1143 904 1269 952 victa
1301 904 1444 951 cadit.

157 1011 331 1073 itaque
370 1012 422 1058 in
464 1026 520 1058 eo
563 1008 728 1057 codice
768 1010 1078 1071 pervetusto,
1126 1008 1257 1056 unde
1297 1008 1580 1057 Puteaneus
1622 1009 1866 1073 originem

158 1087 328 1147 traxit,
362 1084 549 1133 exitum
574 1099 747 1132 versus
772 1100 872 1131 non
897 1083 1082 1131 lectum
1108 1091 1222 1131 esse
1238 1086 1462 1146 apparet,
1495 1084 1544 1131 id
1574 1085 1707 1146 quod
1731 1085 1866 1132 haud

158 1176 270 1209 raro
303 1161 494 1209 factum
527 1175 632 1207 esse
657 1151 1038 1225 comprobavi.2)
1087 1160 1314 1220 sequitur
1335 1158 1642 1207 Puteaneum
1668 1176 1865 1222 quoque

159 1236 324 1284 favere
358 1236 404 1283 ei
435 1235 655 1295 lectioni,
688 1249 815 1296 quae
846 1234 900 1281 in
934 1232 1109 1281 ceteris
1135 1233 1386 1282 codicibus
1413 1235 1563 1282 extat.
1609 1238 1782 1283 contra
1808 1252 1865 1283 ea

158 1327 283 1373 quae
315 1325 447 1358 nunc
476 1310 530 1357 in
562 1308 865 1357 editionibus
896 1310 1096 1371 regnat:

426 1416 543 1463 dum
579 1413 797 1462 Cadmus
828 1417 955 1469 arat,
989 1414 1107 1461 dum
1137 1415 1339 1462 semma.
1356 1418 1579 1474 sumunt,

156 1522 252 1570 soli
274 1521 541 1568 recentiori
571 1519 752 1568 codicis
777 1519 1022 1567 Puteanei
1047 1521 1312 1567 correctori
1336 1519 1557 1568 debetur.
1601 1520 1864 1569 carbonem

155 1596 313 1660 igitur
351 1611 442 1658 pro
482 1596 716 1642 thesauro
758 1593 1058 1643 obtulerunt.
1122 1611 1282 1656 neque
1323 1595 1453 1642 enim
1491 1596 1759 1657 quicquam
1793 1597 1861 1644 of-

155 1670 394 1719 fensionis
426 1671 556 1718 inest
587 1670 641 1716 in
674 1685 731 1716 ea
765 1685 915 1731 quam
948 1669 1270 1732 probavimus
1304 1670 1530 1718 lectione.
1580 1670 1712 1732 quod
1745 1687 1862 1719 vero

157 1745 431 1809 Sphingem
471 1746 585 1792 ante
624 1743 718 1792 Lai
749 1747 984 1806 mortem,
1025 1761 1151 1806 quae
1185 1761 1230 1792 v.
1258 1746 1361 1792 461
1399 1745 1732 1809 significatur,
1764 1762 1862 1794 non

157 1822 272 1883 apte
297 1820 673 1868 commemorari
697 1820 810 1882 quis
836 1818 1116 1880 crediderit,
1140 1820 1289 1882 plane
1314 1820 1461 1868 nihili
1486 1822 1571 1868 est.
1606 1837 1705 1868 non
1731 1822 1863 1868 enim

157 1895 380 1944 ordinem
412 1911 578 1943 rerum
612 1893 803 1942 Statius
836 1909 926 1942 nec
958 1894 1039 1943 hic
1071 1910 1161 1943 nec
1187 1894 1309 1943 alibi
1341 1894 1609 1959 diligenter
1633 1895 1862 1945 observa-

154 1970 243 2019 vit.
298 1971 351 2018 in
382 1971 492 2031 ipso
526 1970 759 2017 contextu
783 1984 955 2017 versus
982 1969 1131 2017 Theb.
1162 1972 1208 2031 3,
1235 1971 1528 2018 467—526
1558 1964 1696 2037 (inde
1723 1987 1752 2019 a
1775 1971 1861 2020 fol.

160 2047 267 2108 12V,
297 2038 351 2111 1)
387 2047 437 2092 et
471 2046 517 2106 2,
551 2045 846 2092 454-464
880 2059 970 2092 nec
1002 2060 1030 2092 a
1063 2044 1270 2093 librario
1303 2061 1393 2092 nec
1426 2061 1455 2092 a·
1488 2047 1763 2093 correctore
1796 2047 1862 2093 Pc

155 2120 329 2182 scripti
368 2121 498 2182 sunt,
540 2119 623 2167 sed
664 2118 725 2166 ab
768 2120 866 2167 alio
908 2119 1122 2181 quodam
1164 2120 1377 2182 aequali,
1419 2122 1592 2169 contra
1626 2120 1777 2168 Theb.
1815 2123 1862 2183 4,

158 2195 464 2243 308—343
507 2188 574 2241 P1
613 2194 850 2243 omiserat
897 2195 1060 2257 spatio
1106 2195 1305 2256 relicto,
1346 2195 1477 2257 quod
1527 2196 1746 2258 explevit
1784 2197 1859 2244 Pr.

154 2270 326 2331 itaque
364 2269 458 2317 hoc
495 2270 604 2317 loco
646 2285 757 2317 cum
796 2268 1007 2334 triginta
1047 2285 1130 2318 sex
1163 2285 1332 2318 versus
1373 2271 1424 2317 in
1468 2270 1739 2332 exemplari
1780 2270 1859 2318 de-

154 2345 342 2397 fecisse,
362 2339 572 2392 senserit
596 2344 844 2404 librarius,
877 2344 1055 2392 folium
1087 2346 1292 2408 periisse
1318 2346 1531 2407 apparet
1555 2347 1642 2392 aut
1673 2346 1725 2392 in
1751 2346 1859 2408 ipso

155 2421 244 2467 aut
273 2420 327 2466 in
360 2418 655 2480 exemplaris
695 2420 977 2481 exemplari.
1042 2435 1192 2482 quam
1226 2419 1287 2468 ob
1320 2436 1422 2467 rem
1455 2420 1508 2466 in
1542 2420 1706 2468 codice
1738 2420 1860 2468 Iuli-

156 2494 241 2541 ani
271 2521 343 2526 —
368 2509 483 2541 nam
516 2493 608 2541 hoc
640 2495 815 2555 utique
848 2495 1171 2543 verisimilius
1204 2496 1280 2542 est
1308 2522 1373 2527 —
1409 2496 1620 2558 singulis
1660 2496 1859 2559 paginis

155 2568 514 2617 duodevicenos
547 2583 716 2616 versus
749 2570 976 2617 exaratos
1009 2569 1160 2617 fuisse
1192 2569 1545 2618 concludimus.
1578 2570 1662 2617 sed
1695 2569 1754 2617 de
1789 2570 1858 2618 al-

154 2645 260 2691 tero
286 2643 630 2706 supplemento
656 2643 807 2691 Theb.
836 2644 883 2704 3,
909 2645 1014 2691 467
1036 2659 1105 2706 sq.
1147 2660 1266 2693 cave
1293 2645 1556 2706 quicquam
1585 2645 1856 2709 collegeris.

154 2734 315 2780 neque
355 2719 487 2765 enim
525 2719 731 2781 propter
771 2718 1022 2781 exemplar
1061 2719 1190 2767 alius
1222 2719 1303 2767 hic
1338 2719 1574 2768 librarius
1607 2721 1855 2768 successit.

276 2876 319 2931 1)
350 2873 400 2919 P.
435 2873 621 2931 Papinii
654 2875 795 2919 Statii
830 2875 1058 2919 Silvarum
1091 2875 1202 2920 libri
1236 2881 1350 2921 1898
1382 2892 1427 2933 p.
1455 2881 1555 2920 560.

275 2937 319 2991 2)
350 2933 578 2978 Achilleis
612 2939 725 2978 1902
758 2950 803 2992 p.
829 2935 914 2979 VII
928 2951 994 2992 sq.
