<?xml version="1.0" encoding="UTF-8"?>
<!DOCTYPE html PUBLIC "-//W3C//DTD XHTML 1.0 Transitional//EN"
    "http://www.w3.org/TR/xhtml1/DTD/xhtml1-transitional.dtd">
<html xmlns="http://www.w3.org/1999/xhtml" xml:lang="en" lang="en">
 <head>
  <title>
</title>
<meta http-equiv="Content-Type" content="text/html;charset=utf-8" />
  <meta name='ocr-system' content='tesseract 3.04.00' />
  <meta name='ocr-capabilities' content='ocr_page ocr_carea ocr_par ocr_line ocrx_word'/>
</head>
<body>
  <div class='ocr_page' id='page_1' title='image "./ppapinistatitheb00statuoft_0036.png"; bbox 0 0 2066 3178; ppageno 0'>
   <div class='ocr_carea' id='block_1_1' title="bbox 313 126 1472 172">
    <p class='ocr_par' dir='ltr' id='par_1_1' title="bbox 313 126 1472 172">
     <span class='ocr_line' id='line_1_1' title="bbox 313 126 1472 172; baseline 0.001 -1"><span class='ocrx_word' id='word_1_1' title='bbox 313 126 483 172; x_wconf 87' lang='lat' dir='ltr'>XXXII</span> <span class='ocrx_word' id='word_1_2' title='bbox 819 126 1098 172; x_wconf 85' lang='lat' dir='ltr'><strong>EDITORIS</strong></span> <span class='ocrx_word' id='word_1_3' title='bbox 1129 126 1472 172; x_wconf 84' lang='lat' dir='ltr'><strong>PRAEFATIO</strong></span> 
     </span>
    </p>
   </div>
   <div class='ocr_carea' id='block_1_2' title="bbox 309 269 2002 1538">
    <p class='ocr_par' dir='ltr' id='par_1_2' title="bbox 309 269 1692 392">
     <span class='ocr_line' id='line_1_2' title="bbox 310 269 1692 332; baseline -0.001 -14"><span class='ocrx_word' id='word_1_4' title='bbox 310 269 508 318; x_wconf 77' lang='lat' dir='ltr'><strong>desunt:</strong></span> <span class='ocrx_word' id='word_1_5' title='bbox 564 270 612 330; x_wconf 99' lang='lat'>4,</span> <span class='ocrx_word' id='word_1_6' title='bbox 629 269 866 318; x_wconf 84' lang='lat'>98—378</span> <span class='ocrx_word' id='word_1_7' title='bbox 887 291 942 306; x_wconf 91' lang='lat'>=</span> <span class='ocrx_word' id='word_1_8' title='bbox 963 269 1063 317; x_wconf 86' lang='lat'>281</span> <span class='ocrx_word' id='word_1_9' title='bbox 1085 283 1209 317; x_wconf 86' lang='lat' dir='ltr'>vers.</span> <span class='ocrx_word' id='word_1_10' title='bbox 1228 291 1284 306; x_wconf 80' lang='lat'><strong><em>=</em></strong></span> <span class='ocrx_word' id='word_1_11' title='bbox 1303 269 1333 316; x_wconf 90' lang='grc'>8</span> <span class='ocrx_word' id='word_1_12' title='bbox 1352 284 1464 332; x_wconf 99' lang='lat' dir='ltr'>pag.</span> <span class='ocrx_word' id='word_1_13' title='bbox 1483 290 1538 306; x_wconf 92' lang='lat'><em>=</em></span> <span class='ocrx_word' id='word_1_14' title='bbox 1557 270 1590 316; x_wconf 90' lang='lat'>4</span> <span class='ocrx_word' id='word_1_15' title='bbox 1606 269 1692 317; x_wconf 89' lang='lat' dir='ltr'>fol.</span> 
     </span>
     <span class='ocr_line' id='line_1_3' title="bbox 309 346 640 392; baseline 0 0"><span class='ocrx_word' id='word_1_16' title='bbox 309 346 415 392; x_wconf 89' lang='lat' dir='ltr'>tum</span> <span class='ocrx_word' id='word_1_17' title='bbox 449 346 640 392; x_wconf 83' lang='lat' dir='ltr'>extant:</span> 
     </span>
    </p>

    <p class='ocr_par' dir='ltr' id='par_1_3' title="bbox 311 410 1980 628">
     <span class='ocr_line' id='line_1_4' title="bbox 528 410 1980 483; baseline -0.001 -17"><span class='ocrx_word' id='word_1_18' title='bbox 528 420 577 479; x_wconf 90' lang='lat'>4,</span> <span class='ocrx_word' id='word_1_19' title='bbox 597 418 872 466; x_wconf 85' lang='lat'>379—520</span> <span class='ocrx_word' id='word_1_20' title='bbox 891 440 945 455; x_wconf 89' lang='lat'><strong><em>=</em></strong></span> <span class='ocrx_word' id='word_1_21' title='bbox 969 419 1070 465; x_wconf 82' lang='lat'>142</span> <span class='ocrx_word' id='word_1_22' title='bbox 1090 433 1213 466; x_wconf 88' lang='lat' dir='ltr'>vers.</span> <span class='ocrx_word' id='word_1_23' title='bbox 1234 439 1289 454; x_wconf 89' lang='lat'>=</span> <span class='ocrx_word' id='word_1_24' title='bbox 1309 419 1342 465; x_wconf 91' lang='lat'>4</span> <span class='ocrx_word' id='word_1_25' title='bbox 1358 432 1471 481; x_wconf 87' lang='lat' dir='ltr'>pag.</span> <span class='ocrx_word' id='word_1_26' title='bbox 1490 439 1545 454; x_wconf 92' lang='lat'><strong><em>=</em></strong></span> <span class='ocrx_word' id='word_1_27' title='bbox 1567 419 1595 463; x_wconf 82' lang='lat'><strong>2</strong></span> <span class='ocrx_word' id='word_1_28' title='bbox 1615 417 1722 465; x_wconf 88' lang='lat' dir='ltr'>fol.:</span> <span class='ocrx_word' id='word_1_29' title='bbox 1739 417 1829 465; x_wconf 88' lang='lat' dir='ltr'>III.</span> <span class='ocrx_word' id='word_1_30' title='bbox 1847 410 1980 483; x_wconf 87' lang='lat' dir='ltr'>IV.¹)</span> 
     </span>
     <span class='ocr_line' id='line_1_5' title="bbox 311 491 1701 554; baseline -0.001 -15"><span class='ocrx_word' id='word_1_31' title='bbox 311 492 509 541; x_wconf 88' lang='lat' dir='ltr'>desunt:</span> <span class='ocrx_word' id='word_1_32' title='bbox 528 494 576 553; x_wconf 87' lang='lat'>4,</span> <span class='ocrx_word' id='word_1_33' title='bbox 597 493 872 540; x_wconf 84' lang='lat'>521—725</span> <span class='ocrx_word' id='word_1_34' title='bbox 892 514 948 529; x_wconf 91' lang='lat'><strong><em>=</em></strong></span> <span class='ocrx_word' id='word_1_35' title='bbox 968 493 1074 540; x_wconf 81' lang='lat'>204</span> <span class='ocrx_word' id='word_1_36' title='bbox 1093 507 1215 540; x_wconf 88' lang='lat' dir='ltr'>vers.</span> <span class='ocrx_word' id='word_1_37' title='bbox 1236 514 1290 528; x_wconf 95' lang='lat'>=</span> <span class='ocrx_word' id='word_1_38' title='bbox 1311 492 1340 539; x_wconf 84' lang='lat'>6</span> <span class='ocrx_word' id='word_1_39' title='bbox 1361 507 1473 554; x_wconf 89' lang='lat' dir='ltr'>pag.</span> <span class='ocrx_word' id='word_1_40' title='bbox 1493 514 1547 528; x_wconf 89' lang='lat'><strong><em>=</em></strong></span> <span class='ocrx_word' id='word_1_41' title='bbox 1567 492 1597 539; x_wconf 89' lang='lat'><strong>3</strong></span> <span class='ocrx_word' id='word_1_42' title='bbox 1616 491 1701 539; x_wconf 90' lang='lat' dir='ltr'>fol.</span> 
     </span>
     <span class='ocr_line' id='line_1_6' title="bbox 312 565 749 628; baseline 0.005 -15"><span class='ocrx_word' id='word_1_43' title='bbox 312 565 524 628; x_wconf 87' lang='lat' dir='ltr'>denique</span> <span class='ocrx_word' id='word_1_44' title='bbox 557 568 749 615; x_wconf 84' lang='lat' dir='ltr'>extant:</span> 
     </span>
    </p>

    <p class='ocr_par' dir='ltr' id='par_1_4' title="bbox 528 640 1930 703">
     <span class='ocr_line' id='line_1_7' title="bbox 528 640 1930 703; baseline -0.001 -15"><span class='ocrx_word' id='word_1_45' title='bbox 528 642 575 702; x_wconf 89' lang='lat'>4,</span> <span class='ocrx_word' id='word_1_46' title='bbox 597 641 814 702; x_wconf 78' lang='lat'>725-5,</span> <span class='ocrx_word' id='word_1_47' title='bbox 841 643 874 689; x_wconf 93' lang='lat'>4</span> <span class='ocrx_word' id='word_1_48' title='bbox 893 663 948 678; x_wconf 94' lang='lat'>=</span> <span class='ocrx_word' id='word_1_49' title='bbox 971 642 1075 689; x_wconf 92' lang='lat'>140</span> <span class='ocrx_word' id='word_1_50' title='bbox 1093 656 1216 689; x_wconf 85' lang='lat' dir='ltr'>vers.</span> <span class='ocrx_word' id='word_1_51' title='bbox 1236 662 1291 678; x_wconf 97' lang='lat'><strong><em>=</em></strong></span> <span class='ocrx_word' id='word_1_52' title='bbox 1311 642 1345 688; x_wconf 89' lang='lat'>4</span> <span class='ocrx_word' id='word_1_53' title='bbox 1361 656 1474 703; x_wconf 91' lang='lat' dir='ltr'>pag.</span> <span class='ocrx_word' id='word_1_54' title='bbox 1494 662 1548 677; x_wconf 91' lang='lat'><strong><em>=</em></strong></span> <span class='ocrx_word' id='word_1_55' title='bbox 1570 642 1598 687; x_wconf 77' lang='lat'>52</span> <span class='ocrx_word' id='word_1_56' title='bbox 1622 640 1728 688; x_wconf 89' lang='lat' dir='ltr'>fol.:</span> <span class='ocrx_word' id='word_1_57' title='bbox 1761 640 1820 687; x_wconf 93' lang='lat' dir='ltr'>V.</span> <span class='ocrx_word' id='word_1_58' title='bbox 1845 640 1930 687; x_wconf 91' lang='lat' dir='ltr'>VI.</span> 
     </span>
    </p>

    <p class='ocr_par' dir='ltr' id='par_1_5' title="bbox 422 730 2002 792">
     <span class='ocr_line' id='line_1_8' title="bbox 422 730 2002 792; baseline 0 -15"><span class='ocrx_word' id='word_1_59' title='bbox 422 746 570 792; x_wconf 89' lang='lat' dir='ltr'>quam</span> <span class='ocrx_word' id='word_1_60' title='bbox 601 732 847 778; x_wconf 90' lang='lat' dir='ltr'>rationem</span> <span class='ocrx_word' id='word_1_61' title='bbox 878 730 965 779; x_wconf 89' lang='lat' dir='ltr'>ubi</span> <span class='ocrx_word' id='word_1_62' title='bbox 988 730 1227 790; x_wconf 84' lang='lat' dir='ltr'>ducimus,</span> <span class='ocrx_word' id='word_1_63' title='bbox 1259 732 1468 792; x_wconf 87' lang='lat' dir='ltr'>apparet</span> <span class='ocrx_word' id='word_1_64' title='bbox 1498 730 1621 777; x_wconf 85' lang='lat' dir='ltr'>folia</span> <span class='ocrx_word' id='word_1_65' title='bbox 1646 730 1715 776; x_wconf 86' lang='lat' dir='ltr'>sic</span> <span class='ocrx_word' id='word_1_66' title='bbox 1740 730 2002 778; x_wconf 89' lang='lat' dir='ltr'>coniuncta</span> 
     </span>
    </p>

    <p class='ocr_par' dir='ltr' id='par_1_6' title="bbox 309 803 2002 1538">
     <span class='ocr_line' id='line_1_9' title="bbox 309 803 2002 866; baseline -0.001 -14"><span class='ocrx_word' id='word_1_67' title='bbox 309 805 475 866; x_wconf 89' lang='lat' dir='ltr'>fuisse,</span> <span class='ocrx_word' id='word_1_68' title='bbox 499 807 556 852; x_wconf 90' lang='lat' dir='ltr'>ut</span> <span class='ocrx_word' id='word_1_69' title='bbox 579 804 662 853; x_wconf 87' lang='lat' dir='ltr'>fol.</span> <span class='ocrx_word' id='word_1_70' title='bbox 679 804 716 852; x_wconf 94' lang='grc' dir='ltr'>Ι.</span> <span class='ocrx_word' id='word_1_71' title='bbox 734 804 787 852; x_wconf 90' lang='lat' dir='ltr'>II</span> <span class='ocrx_word' id='word_1_72' title='bbox 811 807 972 852; x_wconf 88' lang='lat' dir='ltr'>essent</span> <span class='ocrx_word' id='word_1_73' title='bbox 990 804 1152 852; x_wconf 87' lang='lat' dir='ltr'>media</span> <span class='ocrx_word' id='word_1_74' title='bbox 1175 805 1511 866; x_wconf 72' lang='lat' dir='ltr'>quaternionis</span> <span class='ocrx_word' id='word_1_75' title='bbox 1533 803 1741 852; x_wconf 89' lang='lat' dir='ltr'>alicuius</span> <span class='ocrx_word' id='word_1_76' title='bbox 1763 804 1899 865; x_wconf 87' lang='lat' dir='ltr'>folia,</span> <span class='ocrx_word' id='word_1_77' title='bbox 1923 803 2002 851; x_wconf 93' lang='lat' dir='ltr'>III</span> 
     </span>
     <span class='ocr_line' id='line_1_10' title="bbox 310 877 2001 941; baseline -0.001 -14"><span class='ocrx_word' id='word_1_78' title='bbox 310 881 361 927; x_wconf 89' lang='lat' dir='ltr'>et</span> <span class='ocrx_word' id='word_1_79' title='bbox 380 877 452 926; x_wconf 93' lang='lat' dir='ltr'>IV</span> <span class='ocrx_word' id='word_1_80' title='bbox 485 880 728 927; x_wconf 82' lang='lat' dir='ltr'>exteriora</span> <span class='ocrx_word' id='word_1_81' title='bbox 759 880 1080 941; x_wconf 85' lang='lat' dir='ltr'>insequentis,</span> <span class='ocrx_word' id='word_1_82' title='bbox 1114 878 1157 925; x_wconf 95' lang='lat' dir='ltr'><strong>V</strong></span> <span class='ocrx_word' id='word_1_83' title='bbox 1191 880 1240 926; x_wconf 86' lang='lat' dir='ltr'>et</span> <span class='ocrx_word' id='word_1_84' title='bbox 1271 878 1344 926; x_wconf 90' lang='lat' dir='ltr'>VI</span> <span class='ocrx_word' id='word_1_85' title='bbox 1375 878 1539 926; x_wconf 89' lang='lat' dir='ltr'>media</span> <span class='ocrx_word' id='word_1_86' title='bbox 1576 879 1714 926; x_wconf 89' lang='lat' dir='ltr'>tertii</span> <span class='ocrx_word' id='word_1_87' title='bbox 1746 878 2001 926; x_wconf 87' lang='lat' dir='ltr'>cuiusdam</span> 
     </span>
     <span class='ocr_line' id='line_1_11' title="bbox 312 952 2002 1015; baseline -0.001 -14"><span class='ocrx_word' id='word_1_88' title='bbox 312 955 665 1014; x_wconf 82' lang='lat' dir='ltr'>quaternionis.</span> <span class='ocrx_word' id='word_1_89' title='bbox 707 968 816 1000; x_wconf 90' lang='lat' dir='ltr'>cum</span> <span class='ocrx_word' id='word_1_90' title='bbox 833 970 950 1002; x_wconf 87' lang='lat' dir='ltr'>vero</span> <span class='ocrx_word' id='word_1_91' title='bbox 977 955 1093 1002; x_wconf 90' lang='lat' dir='ltr'>anto</span> <span class='ocrx_word' id='word_1_92' title='bbox 1118 953 1203 1001; x_wconf 91' lang='lat' dir='ltr'>fol.</span> <span class='ocrx_word' id='word_1_93' title='bbox 1221 952 1247 1000; x_wconf 85' lang='grc' dir='ltr'><strong>Ι</strong></span> <span class='ocrx_word' id='word_1_94' title='bbox 1267 953 1408 1002; x_wconf 88' lang='grc'>1830</span> <span class='ocrx_word' id='word_1_95' title='bbox 1433 953 1534 1001; x_wconf 86' lang='lat' dir='ltr'>fere</span> <span class='ocrx_word' id='word_1_96' title='bbox 1558 968 1727 1001; x_wconf 85' lang='lat' dir='ltr'>versus</span> <span class='ocrx_word' id='word_1_97' title='bbox 1749 953 2002 1015; x_wconf 87' lang='lat' dir='ltr'>perierint,</span> 
     </span>
     <span class='ocr_line' id='line_1_12' title="bbox 309 1026 2001 1090; baseline 0 -16"><span class='ocrx_word' id='word_1_98' title='bbox 309 1027 386 1076; x_wconf 87' lang='lat' dir='ltr'>his</span> <span class='ocrx_word' id='word_1_99' title='bbox 419 1026 542 1076; x_wconf 88' lang='lat' dir='ltr'>folia</span> <span class='ocrx_word' id='word_1_100' title='bbox 567 1029 752 1090; x_wconf 89' lang='lat' dir='ltr'>viginti</span> <span class='ocrx_word' id='word_1_101' title='bbox 783 1043 866 1076; x_wconf 87' lang='lat' dir='ltr'>sex</span> <span class='ocrx_word' id='word_1_102' title='bbox 892 1028 1139 1090; x_wconf 85' lang='lat' dir='ltr'>completa</span> <span class='ocrx_word' id='word_1_103' title='bbox 1163 1028 1316 1075; x_wconf 86' lang='lat' dir='ltr'>fuisse</span> <span class='ocrx_word' id='word_1_104' title='bbox 1340 1027 1477 1075; x_wconf 87' lang='lat' dir='ltr'>facili</span> <span class='ocrx_word' id='word_1_105' title='bbox 1502 1027 1872 1089; x_wconf 90' lang='lat' dir='ltr'>computatione</span> <span class='ocrx_word' id='word_1_106' title='bbox 1898 1026 2001 1075; x_wconf 89' lang='lat' dir='ltr'>effi-</span> 
     </span>
     <span class='ocr_line' id='line_1_13' title="bbox 311 1101 2001 1164; baseline 0.001 -15"><span class='ocrx_word' id='word_1_107' title='bbox 311 1103 478 1150; x_wconf 81' lang='lat' dir='ltr'>cimus.</span> <span class='ocrx_word' id='word_1_108' title='bbox 558 1118 615 1150; x_wconf 87' lang='lat' dir='ltr'>ex</span> <span class='ocrx_word' id='word_1_109' title='bbox 657 1102 834 1164; x_wconf 89' lang='lat' dir='ltr'>quibus</span> <span class='ocrx_word' id='word_1_110' title='bbox 876 1119 986 1151; x_wconf 91' lang='lat' dir='ltr'>cum</span> <span class='ocrx_word' id='word_1_111' title='bbox 1027 1104 1125 1150; x_wconf 86' lang='lat' dir='ltr'>tria</span> <span class='ocrx_word' id='word_1_112' title='bbox 1165 1102 1228 1149; x_wconf 92' lang='lat' dir='ltr'>ad</span> <span class='ocrx_word' id='word_1_113' title='bbox 1268 1118 1380 1149; x_wconf 90' lang='lat' dir='ltr'>eum</span> <span class='ocrx_word' id='word_1_114' title='bbox 1425 1101 1819 1164; x_wconf 85' lang='lat' dir='ltr'>quaternionem,</span> <span class='ocrx_word' id='word_1_115' title='bbox 1861 1102 2001 1150; x_wconf 86' lang='lat' dir='ltr'>cuius</span> 
     </span>
     <span class='ocr_line' id='line_1_14' title="bbox 310 1170 2000 1243; baseline 0.001 -21"><span class='ocrx_word' id='word_1_116' title='bbox 310 1175 482 1223; x_wconf 90' lang='lat' dir='ltr'>folium</span> <span class='ocrx_word' id='word_1_117' title='bbox 525 1176 740 1224; x_wconf 90' lang='lat' dir='ltr'>medium</span> <span class='ocrx_word' id='word_1_118' title='bbox 782 1170 843 1243; x_wconf 82' lang='grc' dir='ltr'>(Ι.</span> <span class='ocrx_word' id='word_1_119' title='bbox 875 1170 963 1243; x_wconf 85' lang='lat' dir='ltr'>II.)</span> <span class='ocrx_word' id='word_1_120' title='bbox 1004 1179 1161 1238; x_wconf 87' lang='lat' dir='ltr'>extat,</span> <span class='ocrx_word' id='word_1_121' title='bbox 1200 1176 1529 1239; x_wconf 89' lang='lat' dir='ltr'>supplendum</span> <span class='ocrx_word' id='word_1_122' title='bbox 1579 1177 1854 1224; x_wconf 84' lang='lat' dir='ltr'>necessaria</span> <span class='ocrx_word' id='word_1_123' title='bbox 1885 1177 2000 1237; x_wconf 90' lang='lat' dir='ltr'>sint,</span> 
     </span>
     <span class='ocr_line' id='line_1_15' title="bbox 309 1250 2001 1314; baseline 0.001 -17"><span class='ocrx_word' id='word_1_124' title='bbox 309 1252 439 1298; x_wconf 89' lang='lat' dir='ltr'>ratio</span> <span class='ocrx_word' id='word_1_125' title='bbox 479 1251 882 1299; x_wconf 87' lang='lat' dir='ltr'>manifestissime</span> <span class='ocrx_word' id='word_1_126' title='bbox 923 1253 1153 1314; x_wconf 86' lang='lat' dir='ltr'>apparet:</span> <span class='ocrx_word' id='word_1_127' title='bbox 1194 1255 1457 1313; x_wconf 85' lang='lat' dir='ltr'>postquam</span> <span class='ocrx_word' id='word_1_128' title='bbox 1497 1250 1618 1298; x_wconf 91' lang='lat' dir='ltr'>folio</span> <span class='ocrx_word' id='word_1_129' title='bbox 1658 1251 1819 1312; x_wconf 92' lang='lat' dir='ltr'>primo</span> <span class='ocrx_word' id='word_1_130' title='bbox 1851 1251 2001 1313; x_wconf 91' lang='lat' dir='ltr'>primi</span> 
     </span>
     <span class='ocr_line' id='line_1_16' title="bbox 312 1325 1999 1387; baseline 0.001 -15"><span class='ocrx_word' id='word_1_131' title='bbox 312 1325 649 1387; x_wconf 88' lang='lat' dir='ltr'>quaternionis</span> <span class='ocrx_word' id='word_1_132' title='bbox 682 1325 863 1374; x_wconf 89' lang='lat' dir='ltr'>titulus</span> <span class='ocrx_word' id='word_1_133' title='bbox 897 1328 946 1374; x_wconf 91' lang='lat' dir='ltr'>et</span> <span class='ocrx_word' id='word_1_134' title='bbox 977 1327 1084 1375; x_wconf 87' lang='lat' dir='ltr'>vita</span> <span class='ocrx_word' id='word_1_135' title='bbox 1117 1325 1269 1373; x_wconf 85' lang='lat' dir='ltr'>Statii</span> <span class='ocrx_word' id='word_1_136' title='bbox 1301 1326 1593 1385; x_wconf 84' lang='lat' dir='ltr'>extiterunt,</span> <span class='ocrx_word' id='word_1_137' title='bbox 1635 1340 1691 1372; x_wconf 91' lang='lat' dir='ltr'>ea</span> <span class='ocrx_word' id='word_1_138' title='bbox 1726 1341 1851 1387; x_wconf 87' lang='lat' dir='ltr'>quae</span> <span class='ocrx_word' id='word_1_139' title='bbox 1885 1327 1999 1373; x_wconf 91' lang='lat' dir='ltr'>ante</span> 
     </span>
     <span class='ocr_line' id='line_1_17' title="bbox 309 1399 1999 1462; baseline 0.001 -17"><span class='ocrx_word' id='word_1_140' title='bbox 309 1399 393 1448; x_wconf 90' lang='lat' dir='ltr'>fol.</span> <span class='ocrx_word' id='word_1_141' title='bbox 421 1399 445 1446; x_wconf 98' lang='lat' dir='ltr'>I</span> <span class='ocrx_word' id='word_1_142' title='bbox 475 1400 747 1462; x_wconf 84' lang='lat' dir='ltr'>perierunt,</span> <span class='ocrx_word' id='word_1_143' title='bbox 778 1400 939 1448; x_wconf 91' lang='lat' dir='ltr'>tribus</span> <span class='ocrx_word' id='word_1_144' title='bbox 965 1399 1369 1462; x_wconf 83' lang='lat' dir='ltr'>quaternionibus</span> <span class='ocrx_word' id='word_1_145' title='bbox 1403 1402 1451 1447; x_wconf 93' lang='lat' dir='ltr'>et</span> <span class='ocrx_word' id='word_1_146' title='bbox 1477 1401 1642 1461; x_wconf 89' lang='lat' dir='ltr'>quarti</span> <span class='ocrx_word' id='word_1_147' title='bbox 1674 1399 1806 1447; x_wconf 89' lang='lat' dir='ltr'>foliis</span> <span class='ocrx_word' id='word_1_148' title='bbox 1838 1399 1999 1447; x_wconf 89' lang='lat' dir='ltr'>tribus</span> 
     </span>
     <span class='ocr_line' id='line_1_18' title="bbox 311 1475 1376 1538; baseline 0.001 -18"><span class='ocrx_word' id='word_1_149' title='bbox 311 1477 516 1522; x_wconf 86' lang='lat' dir='ltr'>exarata</span> <span class='ocrx_word' id='word_1_150' title='bbox 549 1477 703 1523; x_wconf 90' lang='lat' dir='ltr'>erant.</span> <span class='ocrx_word' id='word_1_151' title='bbox 767 1478 1043 1537; x_wconf 89' lang='lat' dir='ltr'>sequuntur</span> <span class='ocrx_word' id='word_1_152' title='bbox 1074 1475 1376 1538; x_wconf 87' lang='lat' dir='ltr'>fragmenta:</span> 
     </span>
    </p>
   </div>
   <div class='ocr_carea' id='block_1_3' title="bbox 1572 1633 1978 1640">
    <p class='ocr_par' dir='ltr' id='par_1_7' title="bbox 1572 1633 1978 1640">
     <span class='ocr_line' id='line_1_19' title="bbox 1572 1633 1978 1640; baseline 0 -1"><span class='ocrx_word' id='word_1_153' title='bbox 1572 1633 1978 1640; x_wconf 41' lang='grc'>..........................................</span> 
     </span>
    </p>
   </div>
   <div class='ocr_carea' id='block_1_4' title="bbox 879 1572 1424 1902">
    <p class='ocr_par' dir='ltr' id='par_1_8' title="bbox 879 1572 1424 1902">
     <span class='ocr_line' id='line_1_20' title="bbox 879 1572 1424 1902; baseline 0 1276"><span class='ocrx_word' id='word_1_154' title='bbox 879 1572 1424 1902; x_wconf 95' lang='lat' dir='ltr'> </span> 
     </span>
    </p>
   </div>
   <div class='ocr_carea' id='block_1_5' title="bbox 1855 1747 1866 1897">
    <p class='ocr_par' dir='ltr' id='par_1_9' title="bbox 1855 1747 1866 1897">
     <span class='ocr_line' id='line_1_21' title="bbox 1855 1747 1866 1897; baseline 0 0"><span class='ocrx_word' id='word_1_155' title='bbox 1855 1747 1866 1897; x_wconf 95' lang='lat' dir='ltr'> </span> 
     </span>
    </p>
   </div>
   <div class='ocr_carea' id='block_1_6' title="bbox 380 1880 1929 2021">
    <p class='ocr_par' dir='ltr' id='par_1_10' title="bbox 380 1880 2036 2021">
     <span class='ocr_line' id='line_1_22' title="bbox 380 1880 1886 1940; baseline 0 -2"><span class='ocrx_word' id='word_1_156' title='bbox 380 1886 447 1938; x_wconf 73' lang='grc' dir='ltr'>Ἰ</span> <span class='ocrx_word' id='word_1_157' title='bbox 588 1880 1069 1940; x_wconf 54' lang='lat' dir='ltr'>11³&#39;²1vm‘&#39;</span> <span class='ocrx_word' id='word_1_158' title='bbox 1230 1880 1709 1939; x_wconf 52' lang='lat' dir='ltr'>&#39;&#39;1111v⁵⁵&#39;v</span> <span class='ocrx_word' id='word_1_159' title='bbox 1829 1906 1886 1938; x_wconf 83' lang='lat' dir='ltr'>VI</span> 
     </span>
     <span class='ocr_line' id='line_1_23' title="bbox 390 1978 1929 2021; baseline -0.001 -9"><span class='ocrx_word' id='word_1_160' title='bbox 390 1980 595 2020; x_wconf 79' lang='lat' dir='ltr'>Quaternio</span> <span class='ocrx_word' id='word_1_161' title='bbox 620 1982 686 2014; x_wconf 91' lang='lat' dir='ltr'>IV.</span> <span class='ocrx_word' id='word_1_162' title='bbox 1030 1981 1234 2021; x_wconf 82' lang='lat' dir='ltr'>Quaternio</span> <span class='ocrx_word' id='word_1_163' title='bbox 1259 1982 1303 2014; x_wconf 89' lang='lat' dir='ltr'>V.</span> <span class='ocrx_word' id='word_1_164' title='bbox 1631 1980 1837 2020; x_wconf 80' lang='lat' dir='ltr'>Quaternio</span> <span class='ocrx_word' id='word_1_165' title='bbox 1862 1978 1929 2012; x_wconf 88' lang='lat' dir='ltr'>VI.</span> 
     </span>
    </p>
   </div>
   <div class='ocr_carea' id='block_1_7' title="bbox 308 2067 2066 2727">
    <p class='ocr_par' dir='ltr' id='par_1_11' title="bbox 308 2067 2066 2575">
     <span class='ocr_line' id='line_1_24' title="bbox 310 2067 1996 2130; baseline 0 -15"><span class='ocrx_word' id='word_1_166' title='bbox 310 2083 367 2115; x_wconf 88' lang='lat' dir='ltr'>ac</span> <span class='ocrx_word' id='word_1_167' title='bbox 399 2069 506 2116; x_wconf 90' lang='lat' dir='ltr'>sola</span> <span class='ocrx_word' id='word_1_168' title='bbox 538 2068 661 2117; x_wconf 86' lang='lat' dir='ltr'>folia</span> <span class='ocrx_word' id='word_1_169' title='bbox 694 2070 859 2130; x_wconf 93' lang='lat' dir='ltr'>quinti</span> <span class='ocrx_word' id='word_1_170' title='bbox 884 2071 1222 2130; x_wconf 88' lang='lat' dir='ltr'>quaternionis</span> <span class='ocrx_word' id='word_1_171' title='bbox 1254 2070 1384 2116; x_wconf 91' lang='lat' dir='ltr'>inter</span> <span class='ocrx_word' id='word_1_172' title='bbox 1416 2083 1466 2116; x_wconf 90' lang='lat' dir='ltr'>se</span> <span class='ocrx_word' id='word_1_173' title='bbox 1499 2068 1773 2116; x_wconf 85' lang='lat' dir='ltr'>cohaesisse</span> <span class='ocrx_word' id='word_1_174' title='bbox 1805 2082 1861 2115; x_wconf 92' lang='lat' dir='ltr'>eo</span> <span class='ocrx_word' id='word_1_175' title='bbox 1895 2067 1996 2116; x_wconf 89' lang='lat' dir='ltr'>effi-</span> 
     </span>
     <span class='ocr_line' id='line_1_25' title="bbox 309 2141 1994 2205; baseline 0.001 -16"><span class='ocrx_word' id='word_1_176' title='bbox 309 2143 440 2190; x_wconf 85' lang='lat' dir='ltr'>citur</span> <span class='ocrx_word' id='word_1_177' title='bbox 471 2142 602 2205; x_wconf 90' lang='lat' dir='ltr'>quod</span> <span class='ocrx_word' id='word_1_178' title='bbox 626 2142 901 2204; x_wconf 86' lang='lat' dir='ltr'>Deycksius</span> <span class='ocrx_word' id='word_1_179' title='bbox 934 2143 1126 2191; x_wconf 92' lang='lat' dir='ltr'>duobus</span> <span class='ocrx_word' id='word_1_180' title='bbox 1150 2146 1346 2191; x_wconf 90' lang='lat' dir='ltr'>tantum</span> <span class='ocrx_word' id='word_1_181' title='bbox 1371 2142 1587 2190; x_wconf 90' lang='lat' dir='ltr'>numeris</span> <span class='ocrx_word' id='word_1_182' title='bbox 1610 2141 1697 2190; x_wconf 88' lang='lat' dir='ltr'>IV.</span> <span class='ocrx_word' id='word_1_183' title='bbox 1721 2141 1799 2190; x_wconf 95' lang='lat' dir='ltr'>III</span> <span class='ocrx_word' id='word_1_184' title='bbox 1831 2144 1881 2190; x_wconf 86' lang='lat' dir='ltr'>et</span> <span class='ocrx_word' id='word_1_185' title='bbox 1903 2141 1994 2190; x_wconf 87' lang='lat'>111.</span> 
     </span>
     <span class='ocr_line' id='line_1_26' title="bbox 308 2215 1996 2280; baseline 0.002 -19"><span class='ocrx_word' id='word_1_186' title='bbox 308 2215 380 2262; x_wconf 93' lang='lat' dir='ltr'>IV</span> <span class='ocrx_word' id='word_1_187' title='bbox 412 2232 471 2264; x_wconf 91' lang='lat' dir='ltr'>ea</span> <span class='ocrx_word' id='word_1_188' title='bbox 509 2216 830 2280; x_wconf 87' lang='lat' dir='ltr'>significavit,</span> <span class='ocrx_word' id='word_1_189' title='bbox 871 2217 956 2265; x_wconf 86' lang='lat' dir='ltr'>sed</span> <span class='ocrx_word' id='word_1_190' title='bbox 988 2217 1012 2264; x_wconf 93' lang='lat' dir='ltr'>I</span> <span class='ocrx_word' id='word_1_191' title='bbox 1045 2234 1073 2264; x_wconf 90' lang='lat' dir='ltr'>a</span> <span class='ocrx_word' id='word_1_192' title='bbox 1104 2217 1155 2264; x_wconf 94' lang='lat' dir='ltr'>II</span> <span class='ocrx_word' id='word_1_193' title='bbox 1194 2234 1282 2265; x_wconf 90' lang='lat' dir='ltr'>nec</span> <span class='ocrx_word' id='word_1_194' title='bbox 1322 2219 1483 2265; x_wconf 88' lang='lat' dir='ltr'>minus</span> <span class='ocrx_word' id='word_1_195' title='bbox 1515 2217 1561 2264; x_wconf 92' lang='lat' dir='ltr'><strong>V</strong></span> <span class='ocrx_word' id='word_1_196' title='bbox 1594 2232 1622 2264; x_wconf 91' lang='lat' dir='ltr'>a</span> <span class='ocrx_word' id='word_1_197' title='bbox 1653 2215 1726 2263; x_wconf 93' lang='lat' dir='ltr'>VI</span> <span class='ocrx_word' id='word_1_198' title='bbox 1765 2218 1996 2278; x_wconf 88' lang='lat' dir='ltr'>separata</span> 
     </span>
     <span class='ocr_line' id='line_1_27' title="bbox 309 2290 1995 2355; baseline 0.001 -18"><span class='ocrx_word' id='word_1_199' title='bbox 309 2293 450 2339; x_wconf 87' lang='lat' dir='ltr'>erant</span> <span class='ocrx_word' id='word_1_200' title='bbox 483 2291 615 2353; x_wconf 87' lang='lat' dir='ltr'>apud</span> <span class='ocrx_word' id='word_1_201' title='bbox 648 2308 773 2339; x_wconf 89' lang='lat' dir='ltr'>eum.</span> <span class='ocrx_word' id='word_1_202' title='bbox 836 2290 895 2339; x_wconf 90' lang='lat' dir='ltr'>de</span> <span class='ocrx_word' id='word_1_203' title='bbox 927 2292 1114 2355; x_wconf 87' lang='lat' dir='ltr'>origine</span> <span class='ocrx_word' id='word_1_204' title='bbox 1154 2292 1543 2355; x_wconf 87' lang='lat' dir='ltr'>fragmentorum</span> <span class='ocrx_word' id='word_1_205' title='bbox 1575 2291 1696 2339; x_wconf 88' lang='lat' dir='ltr'>certi</span> <span class='ocrx_word' id='word_1_206' title='bbox 1728 2292 1995 2353; x_wconf 89' lang='lat' dir='ltr'>quicquam</span> 
     </span>
     <span class='ocr_line' id='line_1_28' title="bbox 309 2364 1994 2428; baseline 0.001 -18"><span class='ocrx_word' id='word_1_207' title='bbox 309 2380 439 2412; x_wconf 87' lang='lat' dir='ltr'>nunc</span> <span class='ocrx_word' id='word_1_208' title='bbox 465 2365 666 2427; x_wconf 89' lang='lat' dir='ltr'>quidem</span> <span class='ocrx_word' id='word_1_209' title='bbox 691 2367 885 2426; x_wconf 86' lang='lat' dir='ltr'>assequi</span> <span class='ocrx_word' id='word_1_210' title='bbox 909 2381 1008 2413; x_wconf 91' lang='lat' dir='ltr'>non</span> <span class='ocrx_word' id='word_1_211' title='bbox 1031 2381 1307 2428; x_wconf 88' lang='lat' dir='ltr'>possumus,</span> <span class='ocrx_word' id='word_1_212' title='bbox 1341 2367 1622 2414; x_wconf 85' lang='lat' dir='ltr'>coniectura</span> <span class='ocrx_word' id='word_1_213' title='bbox 1654 2381 1763 2412; x_wconf 87' lang='lat' dir='ltr'>eam</span> <span class='ocrx_word' id='word_1_214' title='bbox 1795 2364 1994 2413; x_wconf 88' lang='lat' dir='ltr'>definire</span> 
     </span>
     <span class='ocr_line' id='line_1_29' title="bbox 309 2438 2066 2501; baseline 0.001 -16"><span class='ocrx_word' id='word_1_215' title='bbox 309 2438 440 2486; x_wconf 88' lang='lat' dir='ltr'>infra</span> <span class='ocrx_word' id='word_1_216' title='bbox 466 2439 766 2487; x_wconf 90' lang='lat' dir='ltr'>conabimur.</span> <span class='ocrx_word' id='word_1_217' title='bbox 800 2439 884 2488; x_wconf 85' lang='lat' dir='ltr'>sed</span> <span class='ocrx_word' id='word_1_218' title='bbox 909 2439 1086 2501; x_wconf 90' lang='lat' dir='ltr'>quibus</span> <span class='ocrx_word' id='word_1_219' title='bbox 1106 2455 1216 2487; x_wconf 85' lang='lat' dir='ltr'>cum</span> <span class='ocrx_word' id='word_1_220' title='bbox 1242 2439 1489 2488; x_wconf 85' lang='lat' dir='ltr'>codicibus</span> <span class='ocrx_word' id='word_1_221' title='bbox 1514 2439 1639 2487; x_wconf 89' lang='lat' dir='ltr'>liber</span> <span class='ocrx_word' id='word_1_222' title='bbox 1654 2439 1739 2487; x_wconf 89' lang='lat' dir='ltr'>ille</span> <span class='ocrx_word' id='word_1_223' title='bbox 1756 2438 1992 2501; x_wconf 84' lang='lat' dir='ltr'>Deycksi-</span> <span class='ocrx_word' id='word_1_224' title='bbox 2065 2451 2066 2457; x_wconf 55' lang='lat'>¹</span> 
     </span>
     <span class='ocr_line' id='line_1_30' title="bbox 309 2512 1992 2575; baseline -0.001 -15"><span class='ocrx_word' id='word_1_225' title='bbox 309 2524 432 2560; x_wconf 86' lang='lat' dir='ltr'>anus</span> <span class='ocrx_word' id='word_1_226' title='bbox 455 2515 744 2562; x_wconf 83' lang='lat' dir='ltr'>coniunctus</span> <span class='ocrx_word' id='word_1_227' title='bbox 768 2514 919 2561; x_wconf 88' lang='lat' dir='ltr'>fuerit</span> <span class='ocrx_word' id='word_1_228' title='bbox 943 2514 1266 2562; x_wconf 87' lang='lat' dir='ltr'>similitudine</span> <span class='ocrx_word' id='word_1_229' title='bbox 1292 2514 1521 2575; x_wconf 89' lang='lat' dir='ltr'>quadam,</span> <span class='ocrx_word' id='word_1_230' title='bbox 1546 2514 1663 2560; x_wconf 89' lang='lat' dir='ltr'>licet</span> <span class='ocrx_word' id='word_1_231' title='bbox 1687 2512 1992 2560; x_wconf 92' lang='lat' dir='ltr'>adumbrare.</span> 
     </span>
    </p>

    <p class='ocr_par' dir='ltr' id='par_1_12' title="bbox 308 2588 2061 2727">
     <span class='ocr_line' id='line_1_31' title="bbox 308 2588 2061 2651; baseline 0 -17"><span class='ocrx_word' id='word_1_232' title='bbox 308 2603 423 2634; x_wconf 86' lang='lat' dir='ltr'>nam</span> <span class='ocrx_word' id='word_1_233' title='bbox 471 2588 663 2635; x_wconf 88' lang='lat' dir='ltr'>omissis</span> <span class='ocrx_word' id='word_1_234' title='bbox 711 2588 779 2635; x_wconf 91' lang='lat' dir='ltr'>eis</span> <span class='ocrx_word' id='word_1_235' title='bbox 819 2588 1114 2635; x_wconf 89' lang='lat' dir='ltr'>lectionibus</span> <span class='ocrx_word' id='word_1_236' title='bbox 1162 2604 1287 2650; x_wconf 90' lang='lat' dir='ltr'>quae</span> <span class='ocrx_word' id='word_1_237' title='bbox 1326 2589 1716 2651; x_wconf 86' lang='lat' dir='ltr'>fragmentorum</span> <span class='ocrx_word' id='word_1_238' title='bbox 1764 2589 1992 2649; x_wconf 87' lang='lat' dir='ltr'>propriae</span> <span class='ocrx_word' id='word_1_239' title='bbox 2058 2602 2061 2626; x_wconf 65' lang='grc' dir='ltr'>ι</span> 
     </span>
     <span class='ocr_line' id='line_1_32' title="bbox 309 2654 1194 2727; baseline 0.001 -19"><span class='ocrx_word' id='word_1_240' title='bbox 309 2654 494 2727; x_wconf 78' lang='lat' dir='ltr'>sunt2),</span> <span class='ocrx_word' id='word_1_241' title='bbox 525 2661 601 2710; x_wconf 90' lang='lat' dir='ltr'>his</span> <span class='ocrx_word' id='word_1_242' title='bbox 634 2663 864 2724; x_wconf 84' lang='lat' dir='ltr'>cognatio</span> <span class='ocrx_word' id='word_1_243' title='bbox 897 2662 1194 2710; x_wconf 87' lang='lat' dir='ltr'>ostenditur·</span> 
     </span>
    </p>
   </div>
   <div class='ocr_carea' id='block_1_8' title="bbox 2035 2570 2066 3178">
    <p class='ocr_par' dir='ltr' id='par_1_13' title="bbox 2035 2570 2066 3178">
     <span class='ocr_line' id='line_1_33' title="bbox 2049 2570 2066 2917; baseline 0 0"><span class='ocrx_word' id='word_1_244' title='bbox 2049 2570 2066 2917; x_wconf 95' lang='lat' dir='ltr'>  </span> 
     </span>
     <span class='ocr_line' id='line_1_34' title="bbox 2035 2917 2064 3178; baseline 0 0"><span class='ocrx_word' id='word_1_245' title='bbox 2035 2917 2064 3178; x_wconf 95' lang='lat' dir='ltr'> </span> 
     </span>
    </p>
   </div>
   <div class='ocr_carea' id='block_1_9' title="bbox 452 2777 661 2784">
    <p class='ocr_par' dir='ltr' id='par_1_14' title="bbox 452 2777 661 2784">
     <span class='ocr_line' id='line_1_35' title="bbox 452 2777 661 2784; baseline 0 394"><span class='ocrx_word' id='word_1_246' title='bbox 452 2777 661 2784; x_wconf 95' lang='lat' dir='ltr'> </span> 
     </span>
    </p>
   </div>
   <div class='ocr_carea' id='block_1_10' title="bbox 429 2831 2050 2889">
    <p class='ocr_par' dir='ltr' id='par_1_15' title="bbox 429 2831 2050 2889">
     <span class='ocr_line' id='line_1_36' title="bbox 429 2831 2050 2889; baseline -0.001 -14"><span class='ocrx_word' id='word_1_247' title='bbox 429 2835 471 2889; x_wconf 93' lang='lat'>1)</span> <span class='ocrx_word' id='word_1_248' title='bbox 502 2832 721 2876; x_wconf 90' lang='lat' dir='ltr'>foliorum</span> <span class='ocrx_word' id='word_1_249' title='bbox 744 2832 807 2876; x_wconf 90' lang='lat' dir='ltr'>III</span> <span class='ocrx_word' id='word_1_250' title='bbox 832 2835 879 2875; x_wconf 91' lang='lat' dir='ltr'>et</span> <span class='ocrx_word' id='word_1_251' title='bbox 901 2833 965 2876; x_wconf 93' lang='lat' dir='ltr'>IV</span> <span class='ocrx_word' id='word_1_252' title='bbox 988 2832 1149 2876; x_wconf 85' lang='lat' dir='ltr'>infima</span> <span class='ocrx_word' id='word_1_253' title='bbox 1171 2834 1307 2888; x_wconf 82' lang='lat' dir='ltr'>parte</span> <span class='ocrx_word' id='word_1_254' title='bbox 1338 2834 1518 2876; x_wconf 82' lang='lat' dir='ltr'>resecta</span> <span class='ocrx_word' id='word_1_255' title='bbox 1549 2832 1729 2888; x_wconf 84' lang='lat' dir='ltr'>septeni</span> <span class='ocrx_word' id='word_1_256' title='bbox 1759 2846 1917 2876; x_wconf 82' lang='lat' dir='ltr'>versus</span> <span class='ocrx_word' id='word_1_257' title='bbox 1941 2831 1991 2879; x_wconf 85' lang='lat' dir='ltr'>in</span> <span class='ocrx_word' id='word_1_258' title='bbox 2047 2842 2050 2872; x_wconf 75' lang='lat' dir='ltr'><em>u</em></span> 
     </span>
    </p>
   </div>
   <div class='ocr_carea' id='block_1_11' title="bbox 307 2891 1818 3007">
    <p class='ocr_par' dir='ltr' id='par_1_16' title="bbox 307 2891 1804 3007">
     <span class='ocr_line' id='line_1_37' title="bbox 307 2891 1147 2948; baseline 0.002 -15"><span class='ocrx_word' id='word_1_259' title='bbox 307 2891 397 2934; x_wconf 86' lang='lat' dir='ltr'>fine</span> <span class='ocrx_word' id='word_1_260' title='bbox 428 2891 631 2948; x_wconf 85' lang='lat' dir='ltr'>paginae</span> <span class='ocrx_word' id='word_1_261' title='bbox 663 2891 866 2936; x_wconf 82' lang='lat' dir='ltr'>cuiusvis</span> <span class='ocrx_word' id='word_1_262' title='bbox 898 2892 1147 2948; x_wconf 83' lang='lat' dir='ltr'>perierunt.</span> 
     </span>
     <span class='ocr_line' id='line_1_38' title="bbox 427 2950 1818 3007; baseline -0.001 -12"><span class='ocrx_word' id='word_1_263' title='bbox 427 2955 470 3006; x_wconf 79' lang='lat'>2)</span> <span class='ocrx_word' id='word_1_264' title='bbox 503 2950 559 2995; x_wconf 85' lang='lat' dir='ltr'>cf.</span> <span class='ocrx_word' id='word_1_265' title='bbox 592 2951 870 3007; x_wconf 84' lang='lat' dir='ltr'>praesertim</span> <span class='ocrx_word' id='word_1_266' title='bbox 901 2956 943 3007; x_wconf 85' lang='lat'>3,</span> <span class='ocrx_word' id='word_1_267' title='bbox 960 2956 1060 2995; x_wconf 81' lang='lat'>428.</span> <span class='ocrx_word' id='word_1_268' title='bbox 1094 2957 1137 3007; x_wconf 89' lang='lat'>4,</span> <span class='ocrx_word' id='word_1_269' title='bbox 1154 2955 1223 2994; x_wconf 88' lang='lat'>35.</span> <span class='ocrx_word' id='word_1_270' title='bbox 1243 2955 1343 2994; x_wconf 87' lang='grc'>403.</span> <span class='ocrx_word' id='word_1_271' title='bbox 1365 2955 1462 2995; x_wconf 83' lang='grc'><strong>783.</strong></span> <span class='ocrx_word' id='word_1_272' title='bbox 1483 2955 1580 2995; x_wconf 80' lang='grc'><strong>795.</strong></span> <span class='ocrx_word' id='word_1_273' title='bbox 1601 2954 1699 2995; x_wconf 80' lang='lat'>820.</span> <span class='ocrx_word' id='word_1_274' title='bbox 1718 2954 1818 2994; x_wconf 87' lang='lat'>833.</span> 
     </span>
    </p>
   </div>
  </div>
 </body>
</html>
