2040 3164
930 468 1428 536 APPENDIX

367 610 576 664 s'rATI
617 611 1034 668 THEBAIDos
1080 612 1544 697 AReVMENTA
1592 616 1994 693 ANTIQVA*)

720 751 905 800 LIBRI
942 752 1134 801 PRIMI
1172 752 1647 803 ARGVMENTVM

1122 853 1239 896 deest

671 975 855 1024 LIBRI
897 976 1186 1026 SECVNDI
1225 977 1699 1027 ARGVMENTVM

422 1092 477 1140 at
516 1088 659 1142 Maia
698 1090 911 1159 genitus
952 1110 1170 1175 superas
1209 1093 1480 1146 remeabat
1518 1094 1583 1146 ad
1624 1113 1794 1163 auraS‚

421 1164 731 1232 excitusque
772 1165 949 1218 Erebo
990 1165 1096 1219 iam
1137 1185 1324 1220 saevus
1362 1167 1525 1222 Laius
1564 1168 1692 1237 ibat,

420 1236 655 1291 Tiresiae
694 1241 905 1292 vultum
944 1240 1001 1292 in
1041 1240 1242 1294 somnis
1281 1243 1539 1295 mentitus
1580 1246 1633 1295 et
1672 1261 1776 1296 ora.

421 1312 615 1365 armari
654 1314 711 1365 in
749 1314 968 1367 fratrem
1009 1314 1183 1367 dirum
1221 1315 1475 1369 Eteoclea
1512 1321 1803 1387 perurguet
2020 1380 2021 1383 Ἴ

361 1399 387 1437 5
419 1386 828 1456 perfossumque
869 1390 1010 1442 senis
1050 1390 1296 1459 iugulum
1335 1391 1630 1460 faciemque
1668 1392 1909 1446 recludit.
2018 1393 2040 1497 ⁴

419 1478 651 1530 moxque
692 1481 813 1515 suas
854 1463 1106 1516 thalamis
1145 1467 1298 1516 natas
1339 1465 1564 1518 sociavit
1602 1464 1866 1519 Adrastus
2018 1476 2022 1483 “

418 1533 686 1604 Deipylen
723 1536 906 1606 Tydei,
944 1536 1153 1608 Aigian
1190 1538 1462 1608 Polynicis
1503 1541 1680 1593 amati.

420 1610 514 1662 sed
553 1611 776 1679 cupidus
817 1612 967 1682 regni
1006 1612 1202 1666 fortem
1243 1611 1523 1667 Cadmeius
1562 1615 1720 1667 heros

420 1682 600 1752 Tydea
637 1687 876 1755 legatum
916 1685 1101 1756 mittit,
1141 1687 1233 1755 qui
1273 1689 1487 1741 foedera
1525 1689 1745 1742 fratrem

331 1771 386 1809 10
418 1762 662 1826 posceret
700 1760 926 1829 imperii.
1003 1760 1093 1813 ille
1135 1779 1258 1814 suae
1298 1780 1408 1815 non
1445 1763 1709 1816 inmemor
1748 1764 1858 1817 irae

419 1833 813 1904 quinquaginta
850 1835 995 1887 viros
1033 1837 1272 1905 legatum
1313 1836 1556 1890 obsidere
1596 1837 1766 1890 iussit.

419 1924 552 1975 quos
593 1909 785 1961 stravit
822 1910 943 1962 telis
983 1909 1156 1962 victor
1193 1911 1527 1979 patriamque
1566 1911 1765 1965 revisit.

447 2026 473 2065 4
507 2023 722 2068 etheocla
752 2029 827 2068 Mf
837 2041 869 2071 ν

694 2165 877 2214 LIBRI
915 2168 1142 2215 TERTII
1180 2167 1654 2217 ARGVMENTVM

414 2277 649 2346 perfidus
690 2280 893 2332 interea
930 2283 1215 2334 missorum
1256 2300 1371 2335 sera
1409 2283 1644 2335 virorum

416 2354 661 2421 tempora
699 2354 825 2406 dum
867 2357 1123 2425 queritur,
1165 2357 1290 2410 dum
1330 2360 1537 2427 spectat
1576 2359 1713 2410 colla
1750 2358 1918 2411 recisa
2006 2392 2021 2426 ,ᾖ

415 2425 624 2495 Tydeos
663 2429 839 2498 invisi,
876 2433 1006 2482 tunc
1044 2449 1183 2483 unus
1224 2434 1375 2483 tanta
1413 2450 1477 2484 ex
1515 2431 1673 2484 caede
1710 2432 1926 2485 relictus
2007 2450 2016 2479 ζ

446 2547 471 2584 2
513 2545 697 2599 spectat
735 2546 764 2588 i.
806 2553 1032 2602 exspectat
1183 2554 1207 2591 3
1255 2550 1577 2604 heptametrum
1624 2550 1750 2593 varie
1788 2549 1988 2604 emenda‘
2007 2537 2012 2554 ‘

326 2602 536 2647 studuere
569 2604 773 2648 librarii:
806 2606 920 2649 tunc
950 2621 1072 2650 unus
1103 2609 1240 2651 tanta
1272 2622 1326 2651 ex
1359 2607 1501 2699 caedes
1533 2610 1605 2664 (ex
1632 2608 1773 2652 caede
1798 2610 1932 2652 tanta

326 2689 517 2734 relictus
551 2692 650 2747 (-tis
681 2695 720 2750 r)
754 2697 928 2749 Βοτμ·
960 2697 1243 2740 tune-unus
1272 2698 1407 2740 tanta
1439 2667 1495 2742 e}
1536 2697 1677 2740 caede
1720 2696 1911 2741 relictus
1945 2692 2021 2742 v'ss

326 2751 438 2792 tunc
477 2764 597 2794 unus
639 2766 693 2794 ex
734 2754 875 2797 caede
915 2754 1107 2799 relictus
1149 2760 1193 2800 S:
1244 2758 1356 2799 tunc
1395 2756 1529 2800 tanta
1569 2769 1623 2799 ex
1656 2755 1796 2800 caede
1828 2756 2022 2830 relictus

324 2810 398 2864 (ex
431 2810 596 2892 cedere
627 2811 764 2893 dictis
790 2815 838 2869 L)
871 2818 987 2857 Lus
2008 2838 2011 2841 ·

443 2929 480 2987 ³²)
515 2929 572 2972 of.
598 2891 771 2974 Archiv
794 2931 869 2974 fiir
892 2930 1052 2976 latein.
1072 2933 1444 2991 Lexikographie
1464 2937 1748 2991 15(1907>p.
1769 2939 1910 2979 261—
1918 2935 2017 2978 274.
