2066 3178
168 111 274 187 VJH
686 107 966 152 EDITORIS
998 105 1339 150 PRAEFATIO

168 266 344 299 cunam
376 251 481 298 sine
514 250 811 298 auctoritate
851 264 909 295 ac
947 262 1095 295 sensu
1128 246 1344 308 explevit
1373 239 1449 294 1³1²
1479 261 1628 306 quam
1657 261 1718 294 ne
1747 260 1859 296 non.

166 328 355 385 tamen,
396 340 506 372 cum
547 323 816 372 Garrodius
856 324 1023 369 utrum
1062 337 1215 368 unum
1257 336 1321 368 an
1358 321 1525 383 plures
1565 323 1861 369 correctores

164 399 290 446 liber
320 414 579 461 perpessus
612 398 699 458 sit,
731 413 829 445 non
862 396 1048 444 indicet
1080 398 1128 443 et
1159 395 1331 442 multis
1362 395 1485 443 locis
1519 394 1639 456 quid
1670 394 1861 442 librarii

165 475 322 535 ipsius
355 475 435 531 sit,
462 473 583 534 quid
616 471 919 531 correctoris,
945 487 1040 518 non
1068 469 1358 533 distinguat,
1392 470 1499 517 eius
1523 471 1690 531 partes
1723 484 1861 517 accu-

166 548 323 595 ratius
349 547 541 595 definiri
565 548 832 608 nequeunt.
887 544 1012 592 mihi
1035 559 1152 592 vero
1177 545 1376 605 praeter
1407 545 1550 591 notas
1574 544 1628 590 in
1654 542 1865 591 Garrodi

168 622 383 670 editione
417 622 697 683 propositas
731 619 934 668 collatio
966 620 1165 680 praesto
1197 633 1296 665 non
1329 620 1416 666 est.

103 715 133 746 r
275 696 495 744 eiusdem
527 695 708 743 aetatis
741 697 890 755 atque
925 692 1285 741 Cheltoniensis
1323 696 1397 741 est
1429 691 1612 740 codex
1643 693 1865 756 Regius

171 771 359 819 Musei
390 770 739 817 Britannici
775 770 846 816 15
884 767 994 828 CX,
1029 769 1115 829 qui
1147 767 1246 814 fuit
1279 766 1397 815 olim
1429 767 1718 814 monasterii
1748 766 1866 814 Rof-

173 847 322 893 fensis
355 838 444 910 (r).
493 860 590 906 quo
629 843 756 891 libro
797 844 986 904 primus
1025 840 1267 889 Ricardus
1299 840 1512 902 Bentley
1553 841 1616 888 ad
1649 840 1868 888 Statium

172 919 522 967 recensendum
545 933 664 966 usus
690 920 777 977 est,
803 919 888 979 qui
914 916 1232 964 collationem
1258 930 1370 963 cum
1394 917 1631 977 quattuor
1655 915 1867 963 aliorum

174 993 470 1041 lectionibus
495 993 557 1040 ad
582 993 858 1056 marginem
877 990 1108 1038 editionis
1133 1005 1250 1037 suae
1269 987 1599 1038 Gevartianae
1626 989 1867 1052 adposuit.

175 1068 307 1130 quod
341 1067 590 1129 exemplar
621 1082 751 1114 nunc
776 1068 937 1114 exstat
960 1064 1014 1112 in
1037 1065 1206 1112 Museo
1231 1063 1537 1126 Britannico,
1569 1063 1700 1112 unde
1725 1065 1868 1112 notas

174 1142 492 1190 Bentleianas
524 1143 577 1188 in
602 1141 801 1189 Ottonis
826 1139 1025 1187 Miilleri
1050 1155 1192 1186 usum
1217 1138 1465 1200 quondam
1492 1138 1755 1201 descripsit
1778 1137 1868 1185 Po-

175 1218 318 1264 lonus
352 1216 554 1278 quidam
579 1215 823 1263 Henricus
849 1214 908 1262 de
933 1213 1288 1262 Michalowski.
1333 1215 1530 1274 praeter
1553 1213 1642 1260 has
1668 1211 1870 1260 schedas

177 1291 494 1339 collationem
524 1290 683 1351 ipsius
718 1289 899 1338 codicis
933 1287 1165 1335 adhibere
1190 1287 1347 1348 licuit,
1381 1302 1534 1349 quam
1567 1286 1626 1335 de
1658 1303 1739 1335 sex
1770 1287 1870 1348 pri-

176 1365 345 1414 oribus
378 1364 643 1412 Thebaidis
684 1364 824 1411 libris
867 1361 1174 1411 Godofredus
1206 1361 1387 1409 Kinkel
1421 1362 1644 1409 confecit.
1701 1361 1871 1409 eadem

177 1440 358 1487 Miiller
382 1440 434 1486 in
458 1439 674 1486 editione
700 1454 789 1486 sua
812 1453 929 1486 usus
956 1439 1042 1485 est.
1078 1453 1134 1484 ex
1159 1435 1515 1499 posterioribus
1540 1438 1705 1484 autem
1732 1434 1873 1482 libris

176 1514 421 1575 quaedam
454 1514 510 1560 Ε.
536 1514 600 1560 Μ.
628 1513 912 1574 Thompson
943 1510 1292 1559 Londiniensis
1318 1511 1368 1558 in
1393 1509 1696 1558 Kohlmanni
1729 1525 1873 1557 usum

176 1588 414 1636 enotavit.

287 1665 485 1724 praeter
523 1663 690 1723 ipsum
729 1660 990 1708 librarium
1029 1659 1163 1708 haud
1202 1675 1362 1722 pauca
1395 1661 1640 1707 corrector
1672 1657 1874 1720 quidam

178 1737 454 1798 adscripsit,
488 1753 634 1798 quem
666 1751 809 1783 usum
835 1750 939 1782 esse
963 1734 1090 1782 libro
1116 1733 1333 1796 quodam
1361 1733 1607 1781 affinitate
1633 1748 1742 1780 cum
1768 1731 1874 1780 vul-

178 1811 309 1874 gatis
364 1811 653 1872 posterioris
709 1810 888 1857 aetatis
942 1808 1303 1870 exemplaribus
1350 1808 1610 1855 coniuncto
1657 1806 1876 1854 indicavi

178 1885 349 1933 Rhein.
376 1886 500 1933 Mus.
531 1886 597 1932 59
626 1877 820 1950 (1904)
854 1900 899 1945 p.
929 1884 1032 1931 383
1053 1898 1123 1945 sq.

750 2032 816 2079 Π.
857 2031 1052 2080 codici
1086 2029 1311 2080 Gallici

114 2143 158 2187 P
295 2137 551 2185 Gallorum
578 2137 801 2184 codicum
827 2152 925 2184 non
951 2136 1126 2197 solum,
1159 2135 1243 2183 sed
1268 2135 1488 2183 omnium
1511 2132 1876 2196 praestantissi-

182 2228 292 2260 mus
334 2214 408 2258 est
446 2211 787 2258 Puteaneus
830 2209 914 2271 qui
963 2209 1165 2270 dicitur,
1215 2208 1554 2256 Bibliothecae
1593 2205 1877 2255 Nationalis

182 2287 437 2333 Parisinae
464 2285 685 2333 codicum
704 2285 974 2332 latinorum
994 2284 1132 2332 8051
1156 2276 1263 2350 (P),
1288 2299 1387 2346 quo
1413 2283 1471 2330 de
1496 2281 1623 2330 libro
1649 2282 1878 2329 accurate

184 2360 438 2422 disputavi
477 2360 529 2406 in
567 2359 875 2421 praefatione
915 2351 1271 2423 Achilleidis.¹)
1333 2357 1463 2404 hunc
1495 2355 1711 2404 codicem
1744 2355 1878 2416 post-

187 2450 335 2496 quam
375 2432 770 2496 Lindenbrogius
810 2433 889 2479 hic
927 2433 1033 2479 illic
1073 2431 1301 2480 adhibuit
1339 2433 1419 2479 cui
1451 2432 1657 2479 vocatur
1695 2429 1878 2492 Regius

188 2509 334 2568 alter,
374 2524 433 2554 ne
474 2507 707 2555 Amarius
749 2507 949 2568 quidem
997 2521 1054 2555 ac
1092 2505 1368 2554 Lemairius
1412 2505 1677 2569 diligenter
1720 2503 1778 2550 de
1823 2518 1877 2550 eo

186 2575 544 2647 rettulerunt.2)
588 2582 719 2629 unde
750 2582 939 2628 factum
972 2583 1060 2642 est,
1093 2582 1150 2627 ut
1181 2579 1357 2642 quanti
1389 2581 1518 2628 esset
1548 2576 1784 2626 momenti
1817 2574 1878 2623 ad

186 2657 402 2718 genuina
435 2654 567 2703 Stati
599 2655 749 2703 verba
781 2654 1111 2715 restituenda,
1143 2656 1258 2702 ante
1291 2651 1528 2701 Ottonem
1560 2652 1741 2700 Miiller
1771 2666 1879 2712 per-

308 2812 348 2866 1)
384 2810 505 2854 Stati
537 2810 761 2854 Achilleis
798 2815 910 2854 1902
942 2825 987 2866 p.
1016 2810 1138 2866 Vsq.

191 2872 350 2973 18252)
384 2869 431 2913 Ρ.
472 2870 658 2926 Papinii
700 2869 839 2915 Statii
879 2883 1001 2928 quae
1041 2871 1228 2915 exstant
1267 2883 1408 2929 opera
1447 2868 1618 2915 omnia,
1689 2864 1879 2913 Parisiis

192 2979 195 2981 ,
322 2943 388 2994 eq.
