2066 3178
653 87 936 133 EDIRORIS
968 87 1312 134 PRAEFATIO
1698 89 1828 134 XVII

126 231 239 279 dam
272 231 586 280 commissum
611 230 869 295 corrigam.
918 247 1032 278 nam
1059 230 1192 293 quod
1217 223 1501 298 contendi¹)
1527 231 1826 290 Beruensem

125 305 374 355 diversum
415 321 518 355 esse
558 305 619 354 ab
645 321 701 354 eo
727 305 951 354 Danielis
985 305 1165 367 codice,
1198 307 1339 354 cuius
1371 305 1608 356 lectiones
1639 307 1692 354 in
1725 307 1825 356 edi-

123 381 258 429 tione
298 396 388 429 sua
426 379 824 444 Lindenbrogius
864 380 1100 443 protulit,
1139 381 1323 428 falsum
1360 383 1446 429 est.
1509 382 1827 430 consentiunt

125 456 257 504 enim
286 455 512 504 Danielis
544 455 672 503 liber
710 454 771 504 ab
813 455 900 503 illo
932 455 1167 503 laudatus
1207 458 1257 502 et
1288 455 1554 504 Bernensis
1590 457 1691 505 fere
1723 473 1824 506 om-

122 530 213 578 bus
244 530 366 579 locis
399 533 549 592 atque
583 531 736 578 etiam
762 531 831 578 eis
864 529 1042 592 quibus
1066 546 1226 595 nugas
1252 546 1367 580 suas
1393 534 1642 580 corrector
1664 525 1727 581 b2
1749 534 1824 580 in-

122 605 338 653 culcavit
379 621 418 652 e.
444 621 490 668 g.
525 606 574 666 4,
601 606 722 654 230.
759 607 806 668 6,
838 605 953 653 196.
993 606 1038 667 7,
1069 607 1186 654 149.
1251 622 1341 670 ego
1374 606 1622 668 quondam
1656 609 1823 656 motus

122 695 230 728 sum
262 680 332 728 eis
364 680 686 742 potissimum
717 680 838 729 locis
864 678 1044 741 quibus
1069 679 1427 745 Lindenbrogii
1450 680 1576 729 liber
1599 681 1821 729 Danieli-

123 769 247 803 anus
291 755 342 802 et
383 754 649 803 Beruensis
694 754 992 817 discrepant.
1067 758 1183 803 sunt
1228 757 1395 804 autem
1446 756 1488 804 si
1531 757 1822 806 manifestos

120 828 479 892 Lindenbrogii
502 845 691 878 errores
716 830 1009 892 omittimus,
1040 830 1154 892 plus
1179 831 1345 879 minus
1370 831 1580 895 triginta
1612 832 1722 880 loci.
1765 848 1823 880 ex

121 903 301 967 quibus
327 905 679 968 gravissimum
703 906 791 967 est,
819 904 951 966 quod
968 905 1053 952 ille
1076 906 1130 952 in
1149 905 1376 954 omnibus
1393 907 1494 954 suis
1511 906 1652 955 libris
1671 907 1820 955 Theb.

123 979 206 1039 12,
236 980 338 1026 177
382 978 656 1029 desiderari
693 973 1009 1045 contendit.2)
1083 980 1136 1028 id
1177 980 1309 1042 quod
1350 995 1520 1030 omnes
1552 981 1651 1030 viri
1689 981 1823 1030 docti

118 1053 270 1102 etiam
302 1052 366 1101 ad
388 1053 613 1103 Danielis
638 1054 858 1103 codicem
888 1054 1203 1116 rettulerunt,
1235 1065 1403 1104 tamen
1435 1056 1519 1104 ubi
1554 1072 1583 1104 a
1606 1056 1820 1105 Linden—

117 1127 291 1192 brogio
308 1128 535 1176 undecim
552 1129 675 1179 locis
691 1130 927 1178 lectiones
945 1129 1186 1178 Puteanei
1211 1131 1256 1178 ei
1273 1131 1483 1179 attribui
1499 1132 1821 1194 perspexeris,

118 1203 272 1250 etiam
304 1202 363 1250 de
395 1203 604 1266 reliquis
637 1207 759 1267 quin
790 1206 1060 1253 maximam
1083 1207 1277 1266 partem
1303 1222 1438 1255 error
1470 1206 1673 1256 editoris
1707 1206 1818 1256 sub-

117 1276 197 1338 sit,
235 1277 319 1326 vix
359 1277 626 1329 dubitabis.
690 1296 748 1328 ex
787 1279 966 1341 quibus
1007 1280 1271 1328 nonnullas
1315 1281 1377 1328 ad
1409 1281 1592 1329 librum
1623 1282 1820 1331 Petavii

115 1352 298 1401 referre
329 1352 468 1415 lieet,
509 1370 607 1417 quo
639 1353 1038 1418 Lindenbrogius
1071 1356 1124 1402 in
1157 1355 1374 1404 editione
1406 1372 1523 1406 usus
1557 1358 1646 1420 est,
1678 1373 1817 1419 prae-

116 1428 289 1475 sertim
325 1430 371 1490 1,
398 1428 503 1477 673
538 1429 830 1493 lachrymae,
861 1445 979 1477 nam
1009 1433 1053 1490 b„
1082 1432 1313 1492 extemplo
1345 1431 1555 1480 exhibet.

583 1593 673 1644 III.
715 1594 950 1644 codices
986 1594 1332 1645 Germanici

228 1695 633 1746 Germanicorum
658 1699 885 1748 codicum
909 1699 1279 1748 vetustissimus
1312 1701 1411 1750 fuit
1441 1703 1484 1750 is
1518 1701 1658 1750 cuius
1691 1718 1818 1750 unus
1844 1708 1890 1751 Α

115 1772 286 1833 quinio
318 1771 520 1835 Lipsiae
558 1773 611 1821 in
643 1774 956 1823 Bibliotheca
988 1774 1312 1837 Reipublicae
1346 1776 1639 1825 adservatur
1672 1770 1817 1844 (Rep.

113 1845 138 1892 I
164 1847 271 1907 12⁸,
302 1847 444 1896 nobis
478 1841 562 1915 Δ).
610 1848 947 1912 fragmentum
980 1865 1078 1912 quo
1112 1850 1430 1899 continentur
1463 1851 1613 1900 Theb.
1641 1854 1690 1914 4,
1709 1854 1814 1900 352

115 1923 217 1968 —7
227 1921 294 1969 53
339 1922 527 1970 contuli
561 1922 764 1986 Lipsiae
805 1926 1044 1973 autumno
1085 1926 1205 1972 anni
1240 1927 1397 1974 1903.
1461 1928 1675 1990 scriptus
1708 1930 1817 1975 erat

111 1994 217 2057 ipse
258 1995 408 2045 codex
455 1998 653 2046 saeculo
702 1998 746 2046 X
794 1998 1093 2061 scholiisque
1136 2001 1259 2048 satis
1305 2002 1483 2064 amplis
1527 2003 1812 2051 instructus.

111 2071 278 2118 tamen
311 2071 443 2119 hunc
474 2072 657 2121 librum
697 2073 902 2136 periisse
942 2090 1042 2123 non
1074 2076 1216 2123 tanto
1250 2090 1394 2138 opere
1428 2077 1693 2125 dolendum
1725 2079 1814 2140 est,

110 2148 376 2208 propterea
416 2147 549 2209 quod
589 2149 695 2196 eius
735 2148 1016 2212 fragmento
1058 2149 1240 2198 collato
1282 2150 1582 2216 ostenditur,
1623 2155 1815 2215 quanta

111 2217 374 2282 diligentia
407 2224 698 2286 quantaque
733 2239 850 2272 cura
882 2223 941 2270 de
968 2224 1238 2286 exemplari
1269 2241 1357 2274 suo
1382 2228 1715 2289 transcriptus
1748 2228 1815 2276 sit

110 2295 307 2344 saeculo
340 2295 411 2344 XI

222 2370 403 2419 codex
426 2370 890 2436 Bambergensis
915 2373 1059 2422 NIV
1088 2376 1158 2422 11
1182 2367 1290 2442 (B),
1316 2377 1406 2438 qui
1428 2376 1564 2424 foliis
1593 2377 1659 2425 93
1688 2377 1813 2425 The-
1837 2380 1881 2424 B

109 2441 305 2491 haidem
338 2460 448 2493 cum
480 2446 680 2496 scholiis
712 2447 922 2512 largiter
953 2449 1218 2512 adscriptis
1252 2450 1486 2498 continet.
1551 2467 1649 2512 quo
1682 2451 1810 2500 libro

109 2518 300 2579 primus
327 2517 446 2568 Otto
471 2520 654 2569 Miiller
685 2537 802 2571 usus
835 2525 910 2573 est
940 2525 994 2571 in
1026 2539 1109 2572 sex
1142 2524 1389 2586 prioribus
1422 2524 1562 2573 libris
1596 2526 1810 2575 edendis.

110 2590 223 2640 dein
246 2592 589 2644 Kohlmannus
620 2596 673 2643 in
706 2596 783 2646 his
808 2597 950 2646 libris
975 2598 1186 2646 Miillero
1217 2599 1375 2649 fretus
1409 2599 1471 2649 ad
1497 2616 1580 2648 sex
1604 2602 1811 2663 posteri-

228 2752 270 2807 1)
303 2750 468 2795 Rhein.
494 2751 612 2797 Mus.
639 2757 695 2796 59
721 2756 871 2811 (1904)
905 2770 949 2811 p.
977 2759 1064 2799 384
1096 2755 1203 2799 adn.
1232 2761 1271 2801 1.

228 2811 270 2867 2)
304 2811 430 2866 quod.
469 2825 630 2857 omnes
670 2814 854 2858 codices
895 2829 1001 2859 suos
1040 2814 1165 2859 hunc
1195 2830 1382 2860 versum
1420 2831 1514 2861 non
1555 2831 1807 2875 agnoscere

109 2866 239 2924 dicit,
278 2869 348 2914 ita
386 2873 544 2928 potest
584 2873 830 2930 explicari,
863 2876 916 2917 ut
948 2888 1054 2919 eum
1087 2889 1181 2919 non
1214 2876 1373 2920 codice
1405 2881 1431 2920 b
1465 2877 1582 2934 ips0,
1616 2878 1698 2922 sed
1732 2890 1805 2921 ex-

109 2929 278 2984 cerptis
312 2943 340 2973 a
370 2930 568 2975 Daniele
600 2931 740 2978 factis
770 2949 906 2977 usum
939 2947 1038 2978 esse
1071 2936 1346 2980 statuamus

196 3010 370 3046 Srauvn
395 3013 588 3047 Tannus.
1508 3012 1537 3055 b
