2066 3178
679 52 962 133 EDITORIS
995 88 1340 133 PRAEFATIO
1799 90 1863 134 IX

155 234 367 296 spiceret
405 247 563 280 nemo.
626 231 741 293 post
779 231 911 279 hunc
951 233 1118 278 autem
1158 229 1422 293 Philippus
1454 230 1741 279 Kohlmann
1774 248 1863 294 per

153 310 315 357 totam
341 306 641 355 Thebaidem
667 305 975 353 Puteaneum
1000 305 1226 366 adscivit,
1252 305 1336 354 sed
1361 307 1419 353 ut
1451 305 1521 367 fit,
1548 321 1657 354 cum
1685 307 1862 355 ceteris

153 383 406 431 meliorem
440 397 543 430 esse
576 382 908 443 cognosceret,
941 395 1087 428 caeca
1112 396 1222 428 eum
1250 379 1538 429 adulatione
1571 384 1863 443 prosecutus

154 460 240 519 est,
275 457 397 505 adeo
430 459 489 504 ut
521 455 633 519 plus
668 455 817 503 semel
844 457 1017 503 contra
1050 470 1219 503 versus
1246 455 1381 518 leges
1405 471 1610 517 peccare
1643 472 1741 505 non
1775 456 1863 504 du-

153 532 353 594 bitaret,
386 529 651 579 dummodo
683 529 929 578 Puteanei
959 529 1224 578 lectionem
1257 530 1652 592 amplecteretur.

267 606 548 655 contulerat
573 605 788 653 codicem
816 604 1187 653 accuratissime
1211 605 1264 651 in
1282 604 1483 652 Miilleri
1506 621 1648 653 usum
1675 605 1864 654 Paulus

154 682 336 744 Meyer.
386 681 528 728 cuius
562 679 827 728 collatione
852 679 1034 726 Miiller
1064 681 1116 726 in
1143 679 1361 727 editione
1394 695 1485 728 sua
1518 695 1600 727 sex
1625 680 1865 729 librorum

156 756 425 804 Thebaidis
457 771 574 804 usus
609 756 694 802 est.
758 754 883 801 mihi
914 770 1031 802 vero
1064 756 1175 802 tota
1207 754 1411 802 collatio
1443 755 1634 816 Meyeri
1663 758 1864 818 praesto

156 833 242 879 est.
299 830 414 879 dein
446 830 791 877 Kohlmannus
832 830 938 891 ipse
980 845 1179 891 quoque
1219 831 1382 877 totam
1415 829 1719 878 Thebaidem
1752 845 1864 878 con-

156 905 288 953 tulit.
351 905 437 953 sed
471 920 584 952 cum
624 904 758 952 haud
790 904 961 966 paucis
994 904 1117 952 locis
1151 904 1349 952 diversa
1382 906 1533 966 atque
1565 906 1736 968 Meyer
1767 907 1864 953 ret-

154 981 330 1029 tulerit
355 980 415 1027 de
442 980 622 1041 codice,
648 979 782 1027 locos
809 978 1031 1043 singulos
1059 980 1468 1027 examinaverunt
1492 979 1790 1029 Wilkinsius
1817 982 1867 1027 et

155 1055 340 1116 Plater,
372 1054 505 1102 unde
537 1070 636 1102 non
669 1053 820 1101 nullis
849 1054 970 1101 locis
1003 1055 1216 1102 certiora
1250 1057 1300 1101 et
1324 1055 1522 1102 veriora
1548 1071 1700 1116 quam
1733 1055 1866 1117 apud

156 1130 528 1178 Kohlmannum
553 1130 604 1176 in
632 1128 934 1177 editionibus
951 1129 1231 1193 Anglorum
1256 1128 1540 1177 extiterunt.
1566 1132 1737 1177 tamen
1761 1146 1867 1178 rem

155 1206 352 1267 penitus
393 1204 652 1264 resarcire,
693 1205 749 1251 ut
789 1220 881 1266 par
919 1206 1048 1266 erat,
1090 1204 1373 1251 noluerunt.
1445 1204 1614 1266 itaque
1655 1204 1866 1269 gaudeo,

158 1279 292 1342 quod
317 1279 441 1327 mihi
466 1279 694 1342 contigit,
727 1281 784 1326 ut
810 1295 939 1326 anno
971 1281 1107 1327 1901
1140 1278 1358 1326 codicem
1382 1278 1736 1344 benignissime
1761 1280 1865 1328 Mo-

157 1354 393 1402 nachium
417 1354 766 1402 transmissum
791 1355 843 1401 in
871 1353 1182 1402 Bibliotheca
1199 1355 1357 1419 Regia
1382 1353 1648 1419 diligenter
1673 1357 1867 1404 excute-

156 1445 273 1476 rem.
308 1445 420 1476 cum
446 1445 562 1477 vero
587 1429 690 1476 fere
721 1444 913 1490 semper
937 1445 1047 1476 mea
1073 1429 1275 1477 collatio
1302 1445 1412 1477 cum
1437 1430 1727 1492 Meyeriana
1752 1446 1867 1478 con-

158 1505 335 1566 spiret,
369 1506 418 1551 et
450 1503 536 1551 ubi
569 1503 828 1564 differunt,
861 1506 973 1551 uter
1005 1503 1070 1551 sit
1102 1505 1258 1552 errori
1290 1504 1546 1566 obnoxius,
1578 1506 1725 1553 facile
1758 1522 1865 1567 per·

159 1579 421 1640 spiciatur,
462 1578 564 1624 iam
605 1579 849 1640 quantum
890 1594 1040 1639 penes
1079 1579 1304 1627 homines
1337 1580 1433 1640 est,
1468 1583 1756 1628 accuratam
1788 1596 1867 1628 me

159 1653 403 1700 Puteanei
434 1652 551 1700 libri
584 1654 819 1700 notitiam
851 1668 994 1715 spero
1027 1655 1356 1716 proposuisse.

271 1727 503 1790 codicem,
523 1730 611 1789 qui
629 1728 824 1776 saeculo
838 1728 907 1775 IX
926 1731 1133 1776 exeunte
1148 1731 1237 1776 ant
1250 1730 1294 1776 X
1311 1730 1513 1778 ineunte
1531 1730 1746 1792 scriptus
1764 1746 1867 1778 esse

162 1802 385 1862 videtur,
417 1802 480 1850 ad
511 1802 866 1850 bibliothecam
899 1803 1194 1852 monasterii
1228 1803 1538 1852 Corbeiensis
1569 1805 1868 1867 pertinuisse

159 1877 521 1926 demonstravit
553 1876 671 1925 Otto
689 1871 934 1943 Miiller.¹)
967 1895 1083 1926 nam
1116 1878 1449 1928 subscribitur
1479 1881 1531 1927 in
1565 1880 1697 1928 calce
1729 1880 1867 1928 libri:

699 1968 867 2042 lib(er)
899 1971 1092 2039 s<ancti
1123 1972 1291 2040 Petri>

697 2046 888 2114 co<rbei
929 2089 1313 2099 ...........
1317 2047 1351 2116 >

162 2145 249 2193 ubi
281 2161 406 2208 quae
431 2147 571 2194 uncis
597 2147 769 2195 fractis
803 2148 1182 2210 circumscripsi,
1208 2165 1350 2198 erasa
1374 2152 1490 2198 sunt
1514 2177 1581 2183 —
1611 2167 1787 2213 nempe
1813 2152 1870 2198 ut

160 2221 350 2268 furtum
394 2221 638 2269 celaretur
669 2249 763 2284 —,
805 2222 890 2271 sed
931 2231 1065 2271 certo
1107 2225 1319 2287 cognita.
1398 2241 1558 2287 neque
1601 2226 1869 2288 quicquam

161 2295 342 2356 obstat,
375 2295 638 2357 quominus
672 2297 890 2345 codicem
925 2295 1160 2346 Gorbeiae
1195 2300 1346 2346 etiam
1380 2301 1621 2362 scriptum
1655 2316 1759 2349 esse
1794 2317 1867 2347 ar-

161 2369 414 2417 bitremur.
486 2370 616 2418 idem
659 2371 737 2419 vir
783 2371 957 2421 doctus
997 2373 1213 2435 ineptias
1252 2374 1571 2422 librariorum
1611 2377 1870 2437 praeterea

163 2443 361 2493 additas
387 2447 716 2508 transcripsit.
751 2463 833 2495 sex
859 2448 988 2494 enim
1017 2448 1285 2511 subscripti
1310 2450 1426 2497 sunt
1451 2449 1702 2498 Thebaide
1727 2450 1870 2499 finita

162 2535 345 2567 versus.
408 2520 598 2581 primus
634 2523 709 2568 est
739 2521 842 2570 hic:

385 2616 603 2676 Scriptor
633 2632 743 2666 sum
775 2619 889 2667 talis
921 2620 1219 2668 demonstrat
1250 2622 1390 2669 litera
1422 2623 1597 2681 qualis.

165 2712 341 2760 deinde
374 2713 621 2762 adiectum
655 2718 730 2763 est
761 2715 978 2778 primum
1010 2733 1068 2764 ex
1102 2717 1341 2766 Distichis
1378 2717 1581 2768 Catonis
1594 2713 1658 2786 2);

287 2870 327 2925 1)
361 2869 524 2914 Electa
557 2870 783 2916 Statiana.
848 2887 1001 2930 progr.
1036 2874 1243 2918 Berolini
1278 2879 1392 2919 1882
1426 2892 1470 2933 p.
1500 2881 1566 2919 12.

284 2931 328 2988 2)
363 2927 475 2975 Otto
492 2929 675 2987 Mflller,
706 2931 1033 2978 Wochenschr.
1061 2933 1136 2977 fiir
1153 2934 1418 2993 Philologie
1437 2940 1492 2979 20
1511 2938 1678 2993 (1903),
1703 2951 1747 2993 p.
1769 2940 1867 2980 195.
